3294 5270
335 431 399 494 362
871 447 1028 494 numrrnns
1422 425 1461 510 [p.
1487 427 1558 488 698.

427 609 521 672 1066.
544 607 583 672 V.
610 609 637 671 1.
660 607 680 690 ἦ
705 610 751 690 (ἢ,
775 610 815 690 ἢν
838 607 888 686 al.)
911 613 975 678 τοῖς
998 607 1032 670 ἒν
1055 607 1136 688 οἴκῳ
1159 607 1317 689 χρήμασιν
1340 605 1420 670 libri.
1450 606 1479 669 εί
1498 611 1560 674 τοῖς

337 736 376 745 -
402 697 531 763 Gesner.
564 697 584 780 ἢ
617 703 682 760 τῶν
714 698 748 760 ἐν
780 699 861 778 οἴκῳ
893 697 1067 779 χρημάτων
1090 695 1226 776 Maehly.
1273 695 1381 758 Malim
1413 701 1478 758 τῶν
1503 696 1561 777 μίν

334 787 403 852 κατ’
429 787 518 852 οἶκον
541 787 723 870 χρημάτων.
763 785 807 850 cf.
834 787 905 848 147.
930 787 961 850 οῖ
982 784 1052 848 κατ’
1075 783 1172 850 οἶκον.
1198 785 1271 867 781,
1295 786 1346 846 53.
1370 785 1463 869 Sopit.
1489 785 1561 846 670.

335 879 354 960 ἡ
378 876 449 941 κατ’
473 875 563 941 οἶνον
586 875 743 959 (σπουδή).
789 874 852 940 Sed
876 876 910 938 ἐν
933 877 1014 957 οἴκῳ
1030 881 1078 939 est
1092 874 1167 938 Eur.
1185 875 1258 956 263,
1275 875 1303 936 3.
1350 873 1411 939 Sed
1435 874 1561 938 defendi

334 973 437 1049 potest
460 966 587 1030 dativus
609 971 673 1036 τοῖς
695 967 855 1048 χρήμασιν
877 965 937 1028 hoo
959 981 1070 1046 sensu,
1092 965 1133 1027 in
1155 969 1306 1046 respect
1329 964 1368 1027 ot
1387 984 1532 1045 money.

427 1055 521 1118 1067.
546 1055 584 1116 V.
610 1055 638 1116 1.
670 1055 801 1118 τοσόνδε
832 1053 942 1138 παῖδα]
976 1053 1107 1118 τοσόνδε
1138 1053 1255 1123 παῖδας
1286 1054 1324 1116 al.
1356 1053 1410 1116 τόν
1442 1053 1502 1116 σὸν
1529 1052 1563 1115 δὲ

334 1145 432 1209 παῖδα
465 1143 607 1208 Pierson.
640 1144 753 1208 τούτου
787 1143 822 1206 δὲ
853 1145 973 1225 πατέρα
1007 1142 1092 1206 Grot.
1124 1143 1178 1206 τὸν
1205 1143 1299 1206 τοῦδε
1325 1145 1445 1225 πατέρα
1470 1141 1504 1205 F.
1529 1141 1563 1204 G.

335 1234 485 1298 Schmidt,
577 1235 606 1295 2.
630 1233 770 1316 εὐσεβεῖν
795 1233 821 1295 τ’
845 1231 1020 1316 ἠσκηκότα]
1049 1232 1093 1296 Of.
1117 1230 1211 1315 Soph.
1236 1234 1309 1295 878.
1338 1233 1435 1314 λέγειν
1465 1233 1563 1314 ἠσκη-

336 1324 422 1387 κότα.
515 1323 544 1384 3.
568 1323 752 1386 intercutis
775 1323 924 1404 σώματος
946 1321 1058 1404 κακός]
1087 1322 1123 1385 ἐκ
1137 1321 1257 1384 τοιοῦδ’
1273 1323 1396 1392 ἄσωτος
1419 1325 1438 1404 ἢ
1464 1321 1565 1389 κακός

336 1412 461 1476 Mauro.
516 1412 588 1495 Ipse
626 1431 767 1494 propono
805 1413 841 1475 ἐκ
877 1411 995 1474 τοιοῦδ’
1033 1413 1073 1473 ἂν
1109 1412 1260 1493 ἐξαίφνης
1295 1411 1403 1480 κακός.
1462 1411 1566 1474 Aliter

335 1501 486 1584 seberus,
509 1507 581 1570 πῶς
604 1499 662 1564 οὖν
685 1503 725 1563 ἂν
748 1500 847 1564 αὐτίκ’
872 1502 907 1564 ἐκ
930 1500 1059 1564 τοιοῦδ’·
1074 1502 1158 1564 οὕτω
1182 1500 1284 1570 κακὸς
1308 1496 1311 1587 ]
1337 1501 1448 1581 ἐγένετ’
1474 1502 1522 1563 ἄν.

428 1591 521 1652 1068.
546 1591 584 1652 V.
603 1590 630 1652 1.
654 1590 731 1654 Post
753 1591 952 1654 caldariorum
975 1590 1119 1654 deleatur
1135 1590 1267 1674 virgula
1359 1591 1387 1651 2.
1412 1591 1448 1652 ἐκ
1465 1614 1564 1672 πονη-

335 1679 415 1764 ρῶν]
440 1679 484 1744 01.
505 1678 857 1762 instituissem.
947 1681 992 1762 μὴ
1018 1680 1056 1742 οὐ
1081 1677 1214 1763 κακοὺς]
1237 1679 1282 1761 μὴ
1307 1677 1429 1749 κακοὺς
1454 1699 1566 1762 exspe-

335 1769 440 1833 ctabat
463 1768 584 1832 Nauck.
631 1767 860 1852 corrigendum
876 1768 1070 1852 suspicorui
1092 1769 1137 1852 μὴ
1164 1771 1192 1832 ’κ
1215 1774 1369 1852 πονηρῶν
1387 1770 1426 1832 οὐ
1442 1769 1566 1838 κακοὺς

335 1860 519 1941 πεφυκέναι.
565 1857 708 1921 Alterius
732 1859 978 1922 constructionis
1001 1858 1088 1921 aliud
1112 1857 1296 1942 exemplum
1319 1877 1386 1921 nou
1408 1859 1495 1921 novi.

428 1949 521 2010 1069.
547 1947 584 2010 V.
610 1948 637 2009 1.
671 1946 752 2010 Fert
776 1949 893 2032 χαίρεις
925 1947 964 2010 σὺ
992 1947 1134 2029 πλούτῳ,
1166 1946 1279 2010 τούσδε
1312 1946 1341 2010 δ’
1375 1948 1414 2010 οὐ
1446 1949 1567 2030 χαίρειν

338 2037 442 2106 δοκεῖς
466 2037 527 2116 (vel
550 2037 691 2119 πρέπει),·

428 2127 522 2188 1070.
547 2126 585 2187 V.
612 2127 638 2188 1.
677 2127 845 2208 πημαίνειν
882 2125 1035 2210 βροτούς]
1073 2125 1156 2190 Fort.
1195 2126 1276 2209 πῆμ’
1314 2124 1391 2189 εἶναι
1429 2127 1566 2208 βροτοῖς.

381 2217 410 2278 2.
435 2214 562 2298 ῥίπτειν]
579 2215 696 2298 ῥιπτεῖν
712 2215 749 2277 al.
774 2215 849 2279 sab.
866 2215 986 2278 ἑαυτόν.
1069 2215 1145 2300 ἄπο]
1162 2216 1242 2278 κάτα
1258 2221 1343 2279 recte
1359 2215 1566 2279 Herwerden.

381 2306 409 2367 3.
433 2305 467 2367 ἐν
491 2311 636 2386 σοφοῖσιν
659 2304 750 2388 ἔστιν]
785 2304 883 2368 Scrib.
917 2306 950 2368 ἒν
983 2307 1127 2386 σοφοῖσίν
1159 2305 1247 2368 ἐστιν.
1338 2304 1368 2368 δ’
1392 2304 1498 2389 ὅμως]
1534 2304 1567 2366 δὲ

335 2399 398 2464 πᾶς
422 2394 585 2476 Gomperz.
631 2393 742 2476 Recte,
765 2395 800 2457 ni
823 2394 922 2458 fallor.
1013 2394 1042 2455 4.
1065 2394 1132 2479 τῆς]
1155 2399 1219 2464 πᾶς
1242 2394 1360 2477 Musgr.
1400 2392 1459 2468 Qu.
1484 2418 1536 2463 τις.

428 2484 522 2546 1072.
547 2483 585 2544 V.
612 2483 638 2544 1.
662 2482 803 2564 μέλλοντ’
827 2483 909 2546 libri.
932 2483 1058 2565 μέλλων
1082 2484 1110 2565 γ’
1128 2483 1237 2546 Valck.
1260 2484 1385 2566 μέλλων
1402 2481 1428 2545 τ’
1446 2482 1567 2566 Musgr.

336 2572 457 2636 Nauck.
480 2571 607 2655 μέλλων
629 2572 821 2656 Papagecrg.
866 2573 977 2636 Redde
1000 2579 1194 2636 cunctans.
1284 2580 1322 2656 τῇ
1345 2572 1432 2655 νόσῳ
1458 2573 1568 2641 διδοὺς

335 2661 466 2746 χρόνω]
491 2661 620 2726 011011.
638 2662 711 2724 575.
734 2662 844 2744 χρόνῳ
861 2661 968 2733 δόντες
989 2669 1094 2726 ταῦτα.
1186 2663 1214 2723 2.
1238 2662 1337 2725 ίάοατ’
1361 2661 1436 2746 ἤδη]
1462 2662 1568 2746 Angl,

336 2753 403 2815 has
426 2771 488 2816 ere
512 2751 589 2814 this
612 2751 754 2814 healed.
793 2749 876 2814 Fort.
900 2753 1015 2815 ἰάσεται
1033 2753 1081 2835 δή.
1173 2750 1293 2836 διδοὺς]
1313 2776 1345 2814 τε
1362 2751 1438 2820 δοὺς
1455 2751 1567 2814 Ηο101-

336 2841 434 2904 soetk.
473 2838 566 2914 Quod
588 2839 705 2904 melius
738 2841 867 2921 quidem
900 2860 973 2903 cum
1004 2841 1110 2924 τεμὼν
1143 2841 1313 2904 convenire
1337 2841 1479 2924 videtur,
1513 2840 1567 2903 sed

336 2935 473 3012 praestat
504 2948 654 3012 praesens
687 2929 803 2999 διδούς.
843 2930 888 2994 01.
913 2932 986 3014 292,
1011 2933 1039 2992 2.
1071 2930 1126 2993 τὸν
1149 2929 1256 3012 ἰατρὸν
1283 2931 1389 3014 χρεὼν
1413 2967 1456 2975 -
1482 2931 1566 2993 ἀνιεῖ-

337 3020 413 3082 σῦαι
437 3057 479 3065 -
502 3019 540 3080 τά
563 3019 721 3101 φάρμακα
748 3015 751 3105 ]
778 3019 912 3082 διδόντα.

428 3108 522 3172 1073.
547 3108 584 3170 V.
603 3109 631 3170 6.
655 3108 708 3170 καί
730 3115 777 3190 τῷ
799 3108 943 3193 παρόντι]
967 3107 1041 3190 Le&
1064 3117 1111 3191 τῴ
1133 3114 1191 3172 νῦν
1208 3108 1347 3190 παρόντι.
1437 3109 1567 3172 πιοτοό-

336 3196 438 3281 μενοι]
462 3197 653 3281 Assuring
675 3197 907 3261 themselves
931 3198 973 3262 of.
1012 3197 1094 3261 Fort.
1112 3199 1346 3280 σταθμώμενοι.
1436 3201 1465 3260 7.
1483 3199 1567 3280 ἔλεγ-

337 3311 396 3369 χον
418 3285 545 3370 ἔλαβαν]
570 3285 622 3366 810
644 3292 755 3368 πεῖρον
778 3287 892 3370 λαβεῖν.
982 3287 1039 3370 τὴν
1061 3288 1159 3370 τύχην
1181 3287 1262 3350 libri.
1286 3293 1341 3370 τῆς
1363 3287 1460 3370 τύχης
1484 3294 1568 3351 recte

338 3375 500 3459 Gomperz.
524 3375 645 3440 Nauck.
1451 3439 1467 3462 ,

430 3465 523 3527 1074.
546 3464 671 3549 βέβαια]
696 3464 749 3528 Sic
773 3465 914 3548 ἀδόκητά
938 3465 987 3530 Fr.
1006 3467 1079 3548 362,
1096 3466 1146 3528 31.
1171 3465 1303 3549 ἀδόκητ’
1327 3466 1568 3549 εὐτυχησάντων

338 3554 459 3635 δόμων.
550 3553 667 3636 θνητός
690 3555 814 3637 εὐτυχεῖ
832 3555 914 3618 libri.
938 3557 1061 3637 εὐτυχεῖ
1081 3555 1199 3638 θνητὸς
1221 3555 1254 3619 F.
1279 3553 1315 3618 G.
1340 3554 1491 3619 Schmidt.

430 3644 523 3705 1075.
548 3643 586 3706 V.
611 3645 639 3706 2.
664 3647 707 3725 (ἢ)
731 3645 811 3707 θεοῦ
835 3645 956 3708 Nauck.
1002 3645 1090 3708 Nihil
1114 3665 1202 3728 opus.

430 3733 523 3796 1078.
548 3733 586 3794 V.
613 3734 639 3795 l.
662 3733 743 3816 τάδ’]
768 3731 878 3796 Malim
902 3734 976 3816 γάρ,
1001 3741 1037 3796 ut
1060 3735 1143 3817 apud
1167 3734 1251 3798 Plut.
1343 3737 1371 3798 2.
1395 3734 1457 3798 κάν
1482 3733 1567 3798 Stob.

339 3823 373 3886 ἐν
395 3821 478 3886 Plut.
518 3821 610 3898 Quod
633 3823 858 3905 recipiendum.

430 3912 524 3973 1070.
548 3912 586 3974 V.
613 3911 640 3974 l.
673 3912 750 3975 ἄλλο
782 3913 958 3994 φάρμακον
989 3911 1127 3997 βροτοῖς]
1161 3911 1219 3988 Qu.
1243 3914 1419 3996 φάρμακον
1441 3915 1568 3996 βροτοῖς

339 4003 415 4064 ἴσον.
460 4001 551 4064 Idem
584 4001 695 4064 suadet
726 4001 758 4064 F.
784 4002 820 4064 G.
845 4001 996 4064 Schmidt.
1110 4004 1138 4064 2.
1172 4001 1232 4086 ὡς]
1264 4002 1289 4065 Ι.
1314 4023 1339 4067 0.
1373 4003 1450 4066 οἷον.
1496 4003 1569 4067 Nisi

339 4091 563 4173 corrigendum
586 4091 677 4172 πλὴν,
702 4091 787 4172 quod
803 4092 951 4174 proponit
970 4093 1066 4155 etiam
1082 4091 1203 4156 Nauck.
1243 4091 1287 4154 ef.
1306 4093 1378 4155 566.
1402 4093 1450 4163 ὡς
1472 4093 1567 4156 οὐδὲν

339 4179 430 4261 ἀνδρὶ
446 4179 554 4242 πιστόν
570 4179 646 4241 ἄλλο
662 4179 744 4261 πλὴν
759 4180 887 4242 τέκνων.
905 4181 955 4262 25,
968 4182 995 4242 2.
1013 4183 1155 4262 γέροντες
1171 4181 1266 4243 οὐδέν
1282 4182 1376 4264 ἐσμεν
1392 4182 1469 4244 ἄλλο
1484 4181 1567 4264 πλὴν

339 4270 457 4350 ψόφος.
483 4269 554 4330 731.
579 4269 639 4330 οὐκ
663 4269 725 4330 ἔστι
747 4274 892 4349 κρεῖσσον
913 4269 988 4332 ἄλλο
1004 4271 1086 4352 πλὴν
1109 4275 1233 4352 κρατεῖν
1249 4270 1328 4354 δορί.
1353 4271 1426 4334 800.
1449 4269 1566 4353 μήποτ’

340 4361 405 4439 εἴην
428 4358 504 4420 ἄλλο
526 4357 608 4438 πλὴν
631 4358 720 4426 θεοῖς
742 4357 840 4438 φίλος.
932 4359 960 4419 4.
983 4359 1142 4444 ταράσσει]
1165 4359 1318 4442 μαλάσσει
1342 4359 1462 4424 Wakef.
1478 4359 1565 4442 prob.

339 4446 460 4509 Nauck.
552 4445 722 4529 γαληνίζει]
747 4445 877 4509 Calms
916 4447 939 4509 Ι.
965 4466 993 4528 q.
1017 4449 1112 4530 κηλεῖ.
1209 4451 1237 4510 5.
1260 4449 1406 4532 παραυτά
1432 4448 1461 4512 δ’
1484 4448 1565 4511 libri.

339 4535 506 4618 παραυτίχ’
531 4541 615 4598 recte
639 4535 769 4598 Gesner.
