3294 5252
490 1343 954 1448 PRAEFATIO.

199 1899 267 1963 Has
295 1917 383 1962 meas
410 1899 445 1962 in
471 1898 676 1982 Tragicorum
705 1897 900 1963 Graeoonrm
930 1899 1108 1982 fragmenta
1136 1901 1340 1965 annotatiun-

112 2025 213 2105 culas,
246 2024 381 2088 diversis
413 2023 610 2108 temporibus
641 2044 699 2108 per
725 2023 833 2108 plures
861 2042 976 2106 annos,
1007 2042 1243 2106 nonnunquam
1271 2028 1340 2092 sine

111 2149 266 2212 librorum
294 2168 366 2233 ope,
399 2149 546 2232 scriptas,
578 2154 615 2212 ul
641 2150 738 2213 etiam
765 2149 901 2213 aliorum
929 2150 1071 2212 virorum
1104 2150 1269 2214 doctorum
1305 2153 1341 2216 in

112 2275 223 2339 eadem
256 2274 495 2340 observationes
531 2273 584 2337 hic
611 2273 656 2337 ibi
689 2294 826 2358 sparsas,
861 2275 896 2338 in
927 2275 988 2338 hoc
1021 2274 1184 2339 volumine
1217 2275 1339 2360 coEegi.

111 2401 151 2464 In
178 2399 346 2480 Aeschyli,
374 2398 552 2483 SophocliS,
580 2404 612 2462 et
638 2397 802 2481 Euripidis
828 2400 1014 2482 fragmentis
1042 2400 1247 2464 recensendis
1274 2402 1341 2465 edi-

113 2527 237 2588 tionum
250 2521 476 2586 Dindorlianac
493 2523 552 2602 (ed.
566 2523 666 2604 quint.
680 2528 774 2605 auct,
796 2522 946 2604 Londini,
962 2524 1067 2602 1869.)
1090 2531 1123 2588 et
1134 2525 1340 2591 Nauchianae

113 2649 262 2732 (Lipsiae,
289 2648 408 2730 1856),
436 2647 471 2710 in
498 2647 703 2729 Tragicorum
725 2647 887 2710 minorum
915 2655 947 2711 et
975 2648 1132 2732 adespotis
1154 2651 1341 2733 fragmentis

112 2775 143 2838 N
145 2773 320 2837 auclrianae
357 2774 512 2838 rationem
550 2772 660 2854 habui,
696 2773 742 2834 ita
778 2778 815 2835 ut
849 2773 884 2835 iu
920 2773 1074 2857 Aeschyli
1114 2779 1146 2838 et
1177 2773 1340 2859 Sophoclis

112 2899 298 2983 fragmentis
321 2897 564 2962 Dindorfianam
587 2899 873 2981 enumerationem,
900 2898 936 2961 in
958 2898 1122 2983 Euripidis
1149 2907 1181 2964 et
1204 2901 1342 2983 reliquo-

113 3045 185 3088 rum
201 3025 386 3108 fragmentis
401 3024 623 3088 Nauckianam
651 3042 809 3106 sequerer.
856 3023 1022 3089 Secundae
1051 3024 1245 3090 Graecorum
1267 3027 1342 3090 Tra-

113 3151 257 3233 gicorum
280 3150 529 3233 fragmentorum
555 3149 704 3213 editionis
719 3148 926 3214 Nauekianae
950 3149 1099 3234 (Lipsiae,
1125 3151 1221 3231 1889)
1250 3151 1341 3217 doleo

115 3293 166 3339 me
190 3276 405 3358 cognitionem
432 3293 500 3338 non
526 3274 676 3338 habuisse
704 3273 890 3358 priusquam
918 3275 1113 3339 Adversaria
1139 3295 1212 3340 mea
1235 3278 1343 3341 omnia

113 3401 294 3483 conscripta
316 3406 348 3464 ct
370 3402 543 3463 maximam
563 3405 686 3484 partem
709 3400 794 3484 typis
817 3401 971 3482 impressa
993 3405 1113 3465 essent:
1140 3420 1222 3482 quae
1245 3421 1342 3466 causa

112 3524 173 3588 fuit
195 3529 231 3588 ut
253 3525 331 3588 mihi
355 3525 528 3589 editionem
555 3544 660 3589 meam
683 3525 845 3608 inpriore
869 3525 1043 3590 voluminis
1068 3527 1213 3608 portione
1236 3527 1265 3590 ei
1289 3547 1340 3592 ac-

114 3651 314 3715 commodare
337 3668 405 3714 non
432 3650 550 3714 liceret.
596 3651 645 3714 Ne
678 3650 755 3730 quid
788 3655 895 3714 tamma
923 3650 963 3713 ad
991 3651 1095 3734 operis
1122 3651 1337 3734 integritatem

115 3775 252 3858 deesset,
275 3793 393 3838 novam
415 3775 552 3840 Nauclrii
575 3776 749 3840 editionem
773 3775 878 3839 denuo
913 3775 1025 3839 sedulo
1057 3775 1220 3860 perlegere
1248 3781 1279 3841 et
1306 3779 1341 3841 in

115 3900 200 3963 ealce
223 3899 396 3963 voluminis
419 3901 677 3984 supplementum
699 3899 966 3965 Adversariorum
989 3901 1164 3964 secuudum
1181 3919 1251 3965 eam
1274 3902 1340 3967 odi-

115 4025 235 4090 tionem
257 4022 413 4108 suincere
437 4026 601 4110 constitui,
625 4027 670 4090 ita
692 4030 729 4089 ut
751 4024 860 4089 ambas
882 4025 1087 4090 recensiones
1109 4027 1170 4089 hoc
1189 4026 1341 4091 volumen

114 4150 385 4235 complecteretur.

202 4273 270 4340 Has
295 4276 534 4341 lucubrationes
556 4297 644 4342 meas
671 4277 868 4361 propositum
895 4277 973 4340 mihi
1001 4281 1069 4342 crat
1096 4281 1280 4360 retractare,
1307 4283 1343 4342 ut

116 4420 199 4482 quae
221 4403 358 4466 nimium
380 4403 567 4467 festinanter
589 4423 626 4468 ac
649 4423 761 4488 parum
778 4403 975 4468 considerate
992 4403 1108 4486 scripta
1128 4409 1235 4467 essent
1250 4403 1342 4467 casti-

113 4545 235 4612 garem,
258 4527 417 4593 nonnulla
438 4528 568 4594 levioris
583 4530 737 4594 momenti
752 4529 967 4612 materiaeque
991 4528 1118 4593 criticae
1139 4528 1264 4612 copiam
1286 4527 1343 4592 ali·
