3446 5258
332 409 395 470 200
804 428 921 472 555151
945 429 1082 473 555555.

421 589 472 670 53,
498 589 524 650 l.
549 586 681 670 διφυεῖς]
710 584 768 662 Qu.
794 586 901 658 δισσὰς
929 592 984 650 eut
1007 587 1163 658 διπλόους.
1278 590 1306 650 2.
1329 587 1555 672 φθογγάζεται]

334 677 404 739 Vux
429 697 508 739 rara.
547 677 591 740 cf.
616 677 711 740 Anu.
736 677 802 740 Pul.
826 677 884 740 IX.
910 677 982 739 530.

422 768 472 848 54,
499 768 525 828 l.
549 767 643 848 ὑμῶν
670 767 761 836 1κίτις
788 767 951 848 ἡβώντων,
981 767 1075 848 ἡμῶν
1107 766 1160 829 καὶ
1191 765 1227 829 τά
1256 768 1360 848 ἡμῶν,
1392 767 1556 849 ἡμωνῆται

331 856 384 920 καὶ
407 855 479 926 τοὺς
502 857 597 938 ἡμῶν
619 855 701 918 libri.
725 857 744 937 ἡ
768 856 851 938 μόνη
876 880 907 918 τε
929 855 983 918 καὶ
1005 856 1134 938 τλήμων
1156 854 1281 921 Jacobs.

422 964 472 1047 55,
499 964 525 1024 l.
558 960 640 1026 τοῦτ’
673 963 749 1034 ἔπος
780 962 840 1044 μὲν
872 961 928 1045 οῦ]
966 963 999 1026 ἐν
1033 962 1138 1044 λόγοις
1171 963 1265 1026 οὐδὲν
1297 963 1335 1026 51.
1380 961 1464 1045 Lege
1495 961 1555 1026 ἐστ’

331 1055 408 1124 ἔπος
432 1089 487 1114 -.
579 1053 606 1114 2.
631 1053 726 1133 ἔργον
753 1052 783 1114 δ’
807 1051 884 1114 ὅσον
908 1051 989 1123 Ζεὺς
1016 1051 1128 1135 μόνος]
1161 1054 1246 1134 ἐργῳ
1274 1052 1309 1115 δὲ
1336 1052 1437 1134 μόνος
1464 1051 1555 1124 τοῦτ’,

332 1149 364 1207 et
386 1145 480 1224 ἔργον
502 1141 603 1224 μόνος
627 1140 661 1203 δὲ
686 1139 767 1211 Ζεὺς
790 1141 828 1203 al.
856 1142 942 1223 ἔργῳ
971 1141 1006 1204 δὲ
1028 1147 1149 1224 μοῦνος
1173 1140 1254 1212 Ζεὺς
1281 1142 1436 1204 ἐπίσταται
1459 1142 1555 1205 θεῶν.

332 1230 390 1308 Qu.
415 1233 509 1313 ἔργον
533 1228 562 1293 δ’
586 1231 605 1292 6
627 1235 749 1313 μοῦνος
773 1228 861 1300 Ζεύς.

412 1339 472 1412 56.
495 1336 638 1420 λυπηρὸς
661 1337 742 1400 libri.
766 1336 886 1419 λυπρὸς
910 1337 995 1401 Gret

420 1429 470 1489 57.
494 1427 591 1508 μέλας
619 1425 679 1508 γὰρ
703 1425 825 1509 αὐτοῖς]
853 1427 957 1509 μήνας
986 1426 1046 1509 γὰρ
1070 1427 1180 1509 αὐγαῖς
1202 1427 1243 1490 Μ.
1268 1425 1418 1491 Schmidt
1465 1425 1557 1502 Quod

331 1537 442 1582 verum
466 1516 600 1580 videtur.
639 1515 721 1579 Fore.
746 1517 842 1597 αὐτῆς
865 1516 926 1598 γὰρ
949 1517 1068 1598 αὐγαῖς.

421 1625 471 1686 58.
494 1623 580 1686 Vera
603 1623 730 1686 videtur
752 1622 872 1686 Reiskii
896 1625 1063 1705 correctio,
1091 1624 1175 1707 κακὴ
1201 1623 1262 1707 γὰρ
1285 1626 1305 1706 ἡ
1331 1625 1475 1707 δελφῖνος
1499 1631 1556 1689 etc.

421 1713 471 1775 59.
495 1711 662 1795 κόπασσιν]
687 1713 731 1776 Cf.
756 1712 796 1774 55
818 1711 914 1776 Arist.
939 1711 987 1775 rr.
1012 1711 1127 1776 4381).

422 1803 472 1865 60.
495 1801 604 1865 πεδίον
628 1840 670 1847 -
695 1801 828 1885 δράμω]
864 1801 908 1866 Cf.
937 1802 977 1865 55
1001 1801 1093 1886 Seph.
1119 1803 1166 1886 Aj.
1192 1803 1242 1865 30.
1279 1803 1430 1887 πηδῶντα
1465 1804 1557 1867 πεδία

331 1892 388 1966 ξὺν
411 1892 591 1973 νεορράντῳ
615 1892 703 1972 ξίφει.

422 2000 473 2062 61.
497 1999 594 2061 αὐτοῦ
618 1998 666 2062 05.
690 1999 788 2061 αὑτοῦ
811 1998 932 2062 Nauck.

422 2089 473 2172 63,
498 2089 526 2150 2.
550 2085 610 2149 εὖτ’
627 2089 666 2150 ἂν
682 2086 790 2171 Ἄρης]
815 2086 876 2150 εὖτ’
893 2088 990 2171 Ἄρης
1006 2089 1045 2150 ἂν
1061 2087 1156 2152 Mein.
1248 2089 1383 2173 στρατῷ]
1404 2090 1557 2173 Pepule.

422 2178 472 2239 65.
496 2175 664 2260 πυκναίαν]
688 2177 712 2239 Ι.
730 2196 758 2258 q.
782 2177 896 2240 πύκνα.
943 2177 995 2240 Sic
1019 2178 1089 2258 ὥρα
1107 2179 1265 2260 01ῶραία.
1313 2177 1405 2255 0505
1426 2180 1558 2244 555110-

331 2288 400 2330 ram
431 2267 568 2348 glossam
599 2265 704 2330 πυκνὰ
728 2266 839 2349 πτερὰ,
872 2267 980 2331 confer
1011 2268 1186 2348 epithetum
1213 2269 1430 2351 πυκνόπτερος
1452 2267 1557 2352 (Seph.

332 2355 407 2420 Oed.
432 2356 464 2420 C.
491 2356 560 2419 17..

421 2465 471 2526 67.
494 2359 616 2546 τρόχεῖ]
640 2463 884 2546 0551555555,
907 2465 941 2526 51
964 2465 1068 2547 fallor,
1091 2471 1191 2548 τραχῆ
1214 2466 1291 2547 (1.5.
1314 2467 1448 2549 τροχέε).

331 2555 471 2725 gfff&
494 2552 633 2634 Hesyeli.
661 2552 715 2615 τὸν
748 2553 809 2634 γὰρ
845 2553 1002 2635 τράχηλον
1034 2555 1148 2618 ἐπίπαν
1184 2561 1350 2638 φοινικοῦν
1381 2558 1560 2636 (φοινικοῦν

851 2803 1033 2868 Achaeus.

422 2965 448 3025 1.
473 2962 517 3027 ef.
542 2965 655 3027 Aesch.
680 2965 738 3046 Ag.
758 2965 828 3026 115.
853 2965 871 3026 δ
894 2963 1036 3034 κελαινὸς
1060 2965 1080 3027 ὅ
1101 2965 1126 3027 τ’
1151 2966 1258 3039 ἐξόπιν
1281 2967 1381 3049 ἀργᾷς
1404 2967 1534 3048 (αἰετός).

421 3055 449 3133 2,
476 3053 502 3114 1.
526 3054 622 3115 ἱκέται
646 3092 688 3099 -
711 3053 817 3137 λῆξαι]
842 3051 938 3128 Quasi
971 3057 1194 3137 praecessisset
1222 3057 1408 3138 ἱκετεύομεν.
1449 3057 1493 3120 Cf.
1517 3058 1558 3119 ad

330 3141 426 3204 Arist.
450 3141 508 3222 Eq.
534 3142 628 3204 1273.
656 3147 714 3212 σᾶς
742 3143 919 3224 ἁπτόμενος
946 3145 1106 3226 φαρέτρας
1126 3143 1273 3218 Πυθῶνι
1299 3145 1350 3228 δία
1376 3145 1422 3227 μὴ
1446 3151 1560 3216 κακῶς

330 3231 488 3293 πένεσθαι.
603 3233 631 3292 2.
661 3233 689 3292 3.
723 3230 866 3295 Lacunus
903 3233 1057 3297 indicavit
1087 3233 1198 3316 Mem,
1234 3235 1289 3315 qui
1320 3235 1495 3317 στεφάνους
1526 3243 1561 3298 et

331 3320 502 3383 ἀθανάτων
518 3319 651 3402 supplet.
742 3323 770 3382 4.
794 3327 848 3403 τῆς
871 3321 944 3385 libri
960 3327 992 3386 et
1007 3323 1091 3406 vulg.
1137 3323 1322 3407 [egendum
1338 3329 1400 3394 τοῖς.
1468 3324 1558 3388 ἀστε-

331 3414 435 3490 ροπυῦ
459 3409 527 3472 005.
551 3409 727 3491 άστερόποο
750 3409 859 3474 Herm.

420 3517 449 3596 3,
475 3517 501 3578 l.
526 3517 664 3596 θεωροῖς
696 3515 748 3580 εἴτ’
783 3517 983 3603 ἀγωνισταῖς]
1019 3520 1160 3602 θεωροῖς
1188 3523 1208 3602 ἢ
1236 3527 1428 3602 ταγηνισταῖς
1461 3521 1557 3584 Mein.

331 3602 388 3679 05.
412 3604 561 3686 θεωροὺς
585 3609 603 3688 ἢ
627 3606 823 3688 ταγηνιστὰς,
853 3609 903 3671 vel
927 3609 1065 3690 θεωροῖς
1088 3610 1134 3679 ῶς
1157 3609 1354 3690 ἀγωνισταῖς,
1379 3609 1430 3674 vel
1452 3633 1558 3692 παρα-

330 3695 437 3776 φέρειν
464 3695 548 3757 τσῦτ’
572 3695 764 3776 ἀγωνισταῖς.
878 3699 906 3758 2.
939 3697 1028 3760 πόλλ’
1052 3699 1219 3771 ἐσθίουσιν,
1253 3699 1299 3768 ῶς
1332 3700 1559 3764 ἐπασκούντων

330 3782 464 3866 τρόπος]
488 3783 571 3867 Lege
595 3784 704 3866 ῶσπερ
728 3784 913 3850 ἀσκούντων
935 3787 1060 3868 τρόπος.
1100 3787 1144 3851 Cf.
1169 3788 1209 3850 55
1232 3788 1278 3852 Pl.
1304 3789 1376 3850 585.

419 3891 448 3972 4,
475 3891 501 3951 l.
526 3891 639 3972 γυμνοί
656 3890 715 3973 γὰρ
732 3893 845 3955 ῶθουν
861 3895 1032 3975 φαιδίμους
1047 3895 1231 3979 βραχίονας]
1255 3895 1368 3977 γυμνοὶ
1383 3895 1412 3958 δ’
1428 3896 1559 3960 ἄνωθεν

330 4018 372 4025 -
395 3979 601 4063 probabiliter
624 3979 719 4043 Mein.
759 3979 816 4056 05.
841 3984 953 4064 γυμνοὶ
975 3983 1034 4065 γὰρ
1059 3984 1172 4065 ἅνδρες
1195 3985 1257 4066 (vel
1280 3985 1377 4064 ὄντες)
1395 4022 1448 4049 -.
1495 3985 1557 4050 Vel

330 4068 445 4151 γυμνοὶ
473 4068 533 4150 γὰρ
557 4070 669 4150 ῶμους
696 4069 750 4132 καὶ
775 4071 866 4140 νέους
889 4073 1021 4153 (βαρεῖς)
1044 4075 1216 4155 βραχίονας
1239 4111 1294 4135 -.
1384 4075 1558 4157 βραχίονας

331 4160 393 4240 ἥβη
418 4156 628 4241 σφριγῶντας]
654 4157 697 4222 ef.
721 4159 883 4242 Hermipp.
907 4161 947 4222 Π.
972 4162 1045 4227 402.
1070 4163 1192 4244 σφρίγει
1209 4201 1250 4207 -
1267 4163 1457 4246 βραχιόνων.
1481 4163 1558 4227 Eur.

330 4246 406 4311 Her.
432 4249 504 4309 858.
533 4248 615 4310 νέων
637 4248 819 4330 βραχιόνων
842 4249 958 4322 ἔδειξεν
981 4251 1101 4333 ἡβητὴν
1123 4252 1230 4316 τύπον.
1257 4252 1399 4334 Alciphr.
1423 4253 1480 4316 ΠΙ.
1507 4254 1558 4316 le.

330 4342 531 4420 σφριγῶντας
554 4338 615 4418 ἔχει
638 4335 711 4406 τοὺς
734 4338 854 4419 ῶμους.
947 4341 974 4400 2.
999 4341 1080 4422 ἥβης
1103 4341 1184 4404 libri.
1209 4343 1271 4424 ἥβη
1295 4340 1422 4404 Rulinlr.
1500 4343 1559 4424 ἐμ·

330 4425 533 4510 πορεύονται]
572 4424 630 4500 05.
660 4427 883 4508 ἐσπορεῦονται
918 4428 980 4506 (vel
1008 4430 1137 4510 ἐκπορ]
1255 4432 1284 4492 4.
1316 4429 1430 4494 ποδῶν
1461 4432 1561 4504 κύτος

329 4516 435 4595 (αὐτὸς
459 4516 508 4596 51.)
532 4514 613 4579 libri.
636 4515 672 4578 τὸ
695 4522 759 4578 πᾶν
781 4517 876 4587 κῦτος
900 4517 1130 4583 Schneidewin.
1170 4518 1227 4594 05.
1252 4520 1347 4602 ἐλαίῳ
1362 4521 1474 4604 στέρνα
1491 4525 1562 4603 (aut
