3382 5254
356 435 420 498 340
891 455 1049 502 nunninus
1441 433 1480 520 [p.
1502 436 1566 497 584.

353 639 410 696 μοι
433 611 529 678 Dobr.
552 616 660 685 καλῶς
682 617 744 697 ἔχει
767 640 823 697 μοι
846 617 926 698 conj.
950 613 1072 680 Nauck.
1119 614 1211 691 Quod
1234 615 1475 700 praeferendum
1491 614 1567 677 vidc-

355 709 414 767 tur.
454 705 497 768 Ci.
522 705 638 787 Adcsp.
663 707 737 786 430,
762 707 790 768 2.
815 706 910 768 οὐδὲν
932 706 1018 788 μέλει
1041 727 1110 787 μοι’
1133 705 1217 787 τάμὰ
1242 704 1303 787 γὰρ
1326 705 1434 775 καλῶς
1455 706 1519 786 ἔχει.

445 794 517 856 708.
541 793 673 858 Dixerat
696 795 802 858 forsan
825 793 997 878 Euripides
1020 793 1087 857 ἀλλ’
1110 795 1208 876 ἐχρῆν
1229 795 1273 870 τί,·
1295 795 1409 858 εἴπατε.

446 883 518 945 711.
542 883 580 944 V.
605 887 633 944 2.
658 883 858 966 δεδρακότες]
883 883 992 946 Malim
1016 884 1225 965 δεδράκαμεν.

446 973 517 1033 717.
543 972 580 1033 V.
607 973 634 1034 1.
662 973 782 1054 ὠφελεῖ
805 971 912 1056 νόσον]
946 973 1065 1055 ῶηελεῖ
1089 972 1177 1054 νόσῳ
1200 972 1329 1054 (βαρύν)
1358 973 1438 1055 conj.
1461 969 1566 1034 Nauck.

355 1060 475 1142 ὠφελεῖ
494 1060 586 1142 (πρὸς
601 1061 668 1142 τὴν)
691 1063 795 1124 νόσον.
834 1061 906 1141 [cg.
924 1063 1058 1144 ὠφελεῖν
1074 1061 1216 1125 νοσοῦντ’
1233 1063 1326 1144 (ἔχει).
1419 1063 1446 1123 3.
1462 1061 1568 1128 ἄλυπος

355 1149 463 1232 οἰκεῖν]
487 1151 610 1232 τροφὴν
633 1151 764 1214 ἐνοικεῖν
787 1151 825 1214 al.
865 1151 909 1214 Cf.
926 1152 1043 1234 Adcsp.
1063 1152 1134 1214 787.
1157 1153 1275 1234 πένητα
1291 1151 1395 1214 ναίειν.
1433 1149 1488 1227 Qu.
1503 1149 1566 1212 ὄλυ-

354 1262 415 1308 πος
438 1237 523 1302 εῖναι.

445 1329 517 1390 715.
542 1329 586 1392 Cf.
611 1329 684 1390 664,
709 1327 857 1392 Menand.
882 1330 955 1391 263.

446 1419 517 1479 717.
540 1417 676 1500 μέλλεις]
708 1417 809 1486 θέλεις
841 1427 925 1481 recto
953 1419 1063 1482 Valck.
1095 1443 1136 1501 με
1159 1418 1216 1502 λῇς
1249 1419 1338 1482 malit
1364 1417 1483 1482 Nauck.
1518 1415 1566 1491 Qu.

355 1506 469 1578 θέλεις,
498 1507 548 1569 rol
577 1530 611 1568 σε
638 1507 720 1588 τῴδε
747 1509 915 1570 πείθεσθαι
938 1508 1053 1590 χρεὼν,
1078 1508 1129 1571 vol
1152 1505 1241 1580 τίδ’,
1264 1505 1294 1570 ὦ
1316 1508 1425 1580 τάλας,
1450 1508 1478 1570 τί
1496 1505 1566 1587 τῴδε

354 1596 521 1658 πείθεσθαι
545 1619 579 1658 σε
604 1595 666 1671 δεῖς

446 1686 517 1747 723.
542 1682 579 1748 V.
607 1686 633 1746 1.
672 1683 762 1748 πάντ’
795 1687 933 1768 εὐτυχεῖν
969 1686 1051 1749 libri.
1090 1687 1219 1750 πάντων
1255 1691 1357 1768 τυχεῖν
1395 1684 1566 1768 Conington.

355 1771 476 1834 Nauck.
516 1773 622 1836 Malim
648 1775 767 1844 πάντας
789 1774 894 1857 λαχεῖν
910 1779 978 1856 (aut
992 1779 1134 1854 κτανεῖν).
1180 1775 1233 1839 Ad
1249 1795 1317 1839 rom
1333 1775 1371 1838 07.
1384 1775 1494 1840 Aaeob.
1507 1772 1566 1834 lou

355 1860 421 1924 ἀλλ’
438 1862 535 1944 Ἄρης
557 1859 666 1945 φιλεῖ]
692 1864 739 1926 ἀεῖ
762 1863 798 1926 τὰ
822 1865 926 1946 λῷστα
954 1865 1056 1928 πάντα
1083 1865 1290 1946 τάνθρώπων
1312 1865 1343 1942 ss.
1366 1863 1456 1928 πάντ’
1478 1863 1566 1924 ἁπαν-

355 1951 463 2025 θίζειν)
487 1958 628 2032 στρατοῦ.
653 1950 745 2035 Sopu.
771 1954 844 2030 657,
869 1954 896 2015 2.
920 1953 994 2024 τοὺς
1017 1955 1150 2035 εὐγενεῖς
1174 1952 1235 2036 γὰρ
1258 1952 1438 2035 κάγαθοὺς,
1463 1951 1491 2016 ῶ
1512 1956 1566 2020 παῖ,

355 2040 439 2120 φιλεῖ
461 2037 464 2126 ]
483 2041 580 2123 Ἄρης
603 2042 741 2122 ἐναίρειν.
772 2043 845 2124 657,
869 2043 898 2104 4.
924 2043 1022 2125 Ἄρης
1050 2042 1110 2124 γὰρ
1139 2043 1234 2106 οὐδὲν
1261 2047 1325 2107 τῶν
1352 2047 1465 2106 κακῶν
1490 2039 1566 2103 λωτί-

355 2131 445 2202 ζεται.
556 2133 584 2191 2.
622 2128 737 2213 χαίρει]
784 2131 866 2194 Pori.
904 2132 1032 2214 χαίρειν,
1073 2139 1105 2195 ct
1142 2139 1244 2214 μισεῖν
1280 2151 1336 2214 pro
1377 2137 1463 2213 μισεῖ
1493 2151 1519 2191 r.
1544 2129 1567 2188 3.

399 2218 575 2302 πτώμασιν]
609 2221 662 2282 An
697 2222 862 2301 σώμασινῖ
909 2219 971 2284 Scri
1003 2221 1040 2284 07.
1071 2221 1186 2303 Ariosp.
1217 2223 1296 2303 547,
1327 2220 1376 2282 ll.
1415 2221 1510 2301 ὄγκου
1540 2217 1567 2278 δὲ

354 2307 495 2390 μεγάλου
518 2313 634 2391 πτῶμα
658 2311 789 2390 γίγνεται
811 2311 902 2390 μέγα.
993 2310 1120 2374 ἐσθλῶν
1144 2309 1191 2392 δὲ]
1215 2309 1297 2373 Fort.
1321 2310 1447 2373 ἐσθλῶν
1470 2332 1509 2390 γε.

445 2399 517 2459 732.
543 2398 578 2460 δέ
600 2397 637 2482 τ’]
663 2398 749 2480 δέχ’
774 2399 883 2462 natta.
909 2397 969 2481 γὰρ
992 2398 1026 2462 F.
1050 2399 1086 2462 G.
1111 2398 1266 2482 Schmidt,
1294 2399 1381 2482 quod
1406 2398 1569 2482 praeferen-

355 2487 431 2549 dum
455 2486 590 2550 videtur.

446 2577 517 2639 733.
544 2576 580 2637 V.
605 2577 633 2638 2.
657 2575 766 2640 κοινόν
791 2575 836 2659 δ’]
859 2577 973 2646 πάντες
996 2576 1026 2640 δ’
1050 2579 1130 2660 conj.
1154 2575 1276 2640 Nauck.
1321 2576 1432 2660 Recto,
1461 2577 1567 2660 opinor.

399 2664 489 2748 αὐτὸ]
513 2665 623 2728 Malim
646 2672 747 2728 τοῦτο.
840 2668 867 2727 3.
896 2667 1021 2736 πάντες·
1054 2666 1089 2728 τὸ
1122 2666 1183 2748 γὰρ
1215 2666 1321 2748 χρεὼν
1352 2669 1462 2748 μεῖζον
1493 2668 1511 2747 ἢ
1540 2663 1569 2724 τὸ

354 2753 399 2837 μὴ
424 2755 530 2837 χρεὼν
553 2755 637 2836 vulg.
670 2755 705 2818 τό
739 2754 799 2836 γὰρ
831 2755 937 2837 χρεὼν
965 2757 1025 2818 οὐκ
1054 2757 1116 2818 ἔστι
1143 2757 1188 2839 μὴ
1218 2755 1324 2837 χρεὼν
1352 2762 1441 2819 ποεῖν
1464 2755 1568 2838 opiinro

355 2845 434 2926 conj.
459 2843 579 2907 Nauck.
620 2842 663 2907 Cf.
687 2845 804 2927 Adosp.
829 2845 902 2906 363.
934 2845 969 2906 τό
1001 2868 1047 2907 τοι
1079 2845 1185 2926 χρεὼν
1217 2846 1278 2908 οὐκ
1311 2846 1373 2908 ἔστι
1404 2845 1448 2927 με]
1477 2842 1568 2925 χρεὼν

354 2939 462 2996 ποιεῖν.
488 2932 561 2995 Eur.
586 2932 679 2997 Horo.
705 2934 778 2995 311.
825 2931 1571 3017 7117ρει1ο1111771111]7170001111]0011011111ρτιιοοοὶΙ

399 3021 434 3084 τδ
458 3022 519 3103 γὰρ
542 3022 659 3106 χρεὼν]
682 3022 717 3086 τὸ
734 3022 768 3085 δὲ
785 3022 890 3105 χρεὼν
907 3023 942 3086 Ο.
958 3020 1076 3086 Hense.
1119 3023 1240 3104 Utiquo
1256 3023 1331 3087 ferri
1352 3023 1463 3106 nequit
1476 3019 1569 3104 χρεὼν

354 3110 618 3192 monosyllabum.

446 3203 517 3263 734.
541 3201 579 3262 V.
607 3202 633 3264 l.
657 3203 718 3264 κᾶν
742 3200 801 3284 -]
824 3201 893 3264 71110
917 3204 978 3283 κῆν
1002 3239 1057 3262 -.

445 3291 517 3351 735.
541 3289 579 3352 V.
606 3292 632 3353 1.
661 3292 695 3353 ἐν
718 3289 825 3374 φόβῳ]
860 3291 990 3372 Corrigo
1022 3292 1070 3353 ῶν
1101 3291 1199 3373 πένης
1233 3295 1288 3354 a'ut
1319 3291 1354 3353 ἐν
1385 3295 1495 3360 κακοῖς
1523 3287 1569 3364 (in

355 3376 468 3443 robus
485 3379 681 3458 advorsis).
707 3380 880 3464 0113113.
949 3378 1098 3463 ἀσθενὴς]
1116 3379 1139 3442 Ι.
1153 3398 1179 3443 e.
1195 3380 1347 3450 ταπεινός.
1417 3383 1445 3442 2.
1461 3374 1568 3462 λαβὼν]

355 3467 463 3550 λαχὼν
486 3467 518 3532 F.
544 3469 579 3532 G.
604 3467 755 3534 Schmidt.

446 3559 518 3620 736.
543 3559 581 3621 V.
606 3561 634 3622 2.
667 3560 721 3622 καλ
748 3558 974 3643 μνημονεύων]
1007 3558 1080 3638 [rog.
1110 3557 1128 3621 ὁ
1153 3595 1208 3620 -.
1299 3555 1348 3623 ῶν
1376 3558 1483 3642 ἐχρῆν]
1505 3555 1567 3634 Log-

355 3647 402 3715 ὡς
425 3647 529 3730 ἐχρῆν.
621 3648 732 3734 φίλου]
765 3651 868 3732 φίλων
900 3647 1104 3732 probabiliter
1127 3646 1241 3711 Hoath.
1333 3649 1362 3710 3.
1392 3648 1512 3711 δάνειον
1533 3640 1567 3723 δ’]

356 3737 489 3800 σπάνιον
521 3740 677 3820 sagaciter
709 3741 848 3803 correxit
876 3741 1012 3802 Grotius.
1104 3739 1133 3798 4.
1160 3739 1222 3799 κᾶν
1246 3736 1305 3821 -]
1337 3735 1412 3819 ch.
1441 3739 1499 3818 κῆν
1520 3767 1567 3792 -.

399 3826 495 3890 πλέον
518 3828 639 3912 κρατεῖ]
671 3829 768 3892 πλέον
795 3830 900 3892 σθένει
928 3827 1018 3890 molit
1040 3824 1161 3889 Nauck.
1253 3828 1281 3889 6.
1305 3825 1458 3909 ἀπόλωλ’]
1485 3818 1567 3886 ὄλωλ’

356 3916 444 3978 malit
467 3918 560 3980 idom.
585 3915 646 3981 Sed
670 3919 708 3981 cf.
733 3919 806 4000 734,
832 3917 859 3980 1.
950 3917 985 3979 ἐκ
1011 3914 1133 3998 δόμων]
1162 3915 1312 3979 ἐκποδὼν
1334 3908 1567 3979 3330711117όί

401 4006 498 4088 θανῇ]
522 4013 609 4090 φανῇ
633 4007 728 4072 idom.
854 4043 858 4050 ·

446 4097 518 4158 737.
542 4095 662 4180 ἀτενὴς]
688 4096 732 4160 of.
757 4096 807 4158 fib.
831 4095 903 4177 ἥκω
928 4092 956 4156 δ’
980 4092 1090 4176 ἀτενὴς
1113 4091 1168 4156 ἀπ’
1192 4094 1299 4158 οἴκων.

446 4185 507 4246 737
521 4183 551 4248 b.
576 4184 613 4246 V.
639 4187 666 4247 2.
694 4183 776 4265 πρὸς
804 4182 923 4267 οἴκους]
957 4183 989 4253 ἐς
1021 4185 1129 4253 οἴκους
1160 4189 1245 4247 recto
1273 4185 1353 4266 conj.
1377 4183 1495 4248 Nauck.
1530 4174 1566 4240 Cf·

354 4271 521 4337 Theodeoi.
548 4275 597 4336 13.
621 4275 763 4337 ὅταν-
786 4273 829 4342 είς
853 4271 974 4353 δόμους
997 4273 1067 4354 ἄγῃ.

446 4363 518 4426 738.
541 4362 581 4425 V.
607 4365 635 4425 2.
668 4367 733 4426 τῶν
759 4366 872 4425 κακῶν
895 4360 1033 4444 ἐξουσίᾳ]
1061 4359 1135 4424 Noli
1162 4367 1200 4444 τῇ
1222 4367 1336 4425 κακῶν
1359 4362 1485 4442 ἐξουσίᾳ
1510 4374 1566 4418 cor·

354 4451 466 4534 rigore.
506 4451 551 4514 uf.
575 4453 615 4515 ad
639 4452 712 4532 644,
729 4452 757 4514 3.
781 4450 971 4532 παράδειγμ’
996 4450 1133 4532 ἐχόντων
1156 4456 1220 4513 τῶν
1242 4450 1308 4533 (τὴν
1325 4450 1433 4515 Coboi.
1448 4441 1565 4518 Nauck.)

354 4545 467 4603 κακῶν
490 4541 643 4615 ἐξουσίαν.
668 4539 760 4625 Soph.
777 4539 825 4602 rr.
845 4539 894 4601 13.
919 4540 1014 4624 σοφοὶ
1036 4540 1182 4622 τύραννοι
1205 4545 1269 4604 τῶν
1292 4545 1406 4625 σοφῶν
1424 4531 1565 4614 ξυνουσίᾳ.
