3294 5270
103 433 126 495 p.
149 411 229 498 746]
570 433 689 480 rutero
711 432 840 480 unionis
1253 413 1316 478 371

616 591 797 656 Achaeus.

179 735 208 796 2.
232 732 272 798 V.
298 734 326 796 1.
350 734 446 798 ἱκέται
470 734 667 817 (στεφάνους)
689 734 772 800 bone
796 735 922 819 supplet
940 733 1037 798 Mein.
1061 734 1158 798 ἱκέται
1180 733 1319 806 θαλλοὺς

99 825 231 905 στεφέων
246 847 278 887 τε
294 825 390 906 σέβας
404 822 625 888 Wilamowitz.
641 824 672 888 N
673 825 786 888 auckio
812 826 906 908 γέρας
926 825 1169 908 praeferendum
1184 825 1318 888 videtur.

136 915 162 975 2.
186 914 283 996 γέρας
314 913 508 995 (ἀθανάτων)
540 913 623 978 bene
655 913 751 978 Mein.
847 915 875 976 3.
908 913 1011 999 λῆξαι]
1043 914 1106 979 Hic
1140 913 1319 978 infinitivus

98 1003 219 1086 ponitur
247 1003 339 1085 quasi
367 1003 591 1086 praecessisset
618 1003 804 1086 ἱκετεύομεν.
898 1005 927 1066 4.
952 1003 1129 1088 ἀστερόπου
1153 1010 1208 1067 aut
1230 1004 1318 1068 ἀστε-

98 1099 191 1176 ροπῆς
214 1091 299 1156 libri.
340 1089 398 1168 Qu.
420 1091 476 1163 τὰς
499 1092 675 1175 ἀστεροπὰς
699 1092 805 1176 Ζηνὸς
829 1093 939 1178 δεινάς.

178 1200 207 1262 3.
232 1197 273 1261 V.
299 1199 326 1261 1.
350 1201 547 1283 θεωροῖς-
565 1199 767 1284 ἀγωνισταῖς]
791 1201 874 1264 Fort
898 1199 1112 1282 θεωροὺς-
1136 1199 1319 1282 ἀγωνιστάς.

134 1287 183 1352 εἰτ’
208 1289 397 1371 ἀγωνισταῖς
412 1289 451 1352 A.
489 1289 563 1374 ch.
580 1290 619 1353 οὐ
636 1289 665 1353 δ’
682 1291 868 1372 ἀγωνισταῖς
884 1293 950 1370 (aut
965 1289 1158 1371 ἀγωνιστάς).
1228 1291 1256 1352 2.
1272 1289 1320 1360 ὡς

97 1379 316 1443 ἐπασκούντων
339 1377 467 1463 τρόπος]
491 1377 564 1463 Leg.
588 1379 698 1461 ὥσπερ
722 1379 908 1444 ἀσκούντων
931 1380 1056 1462 τρόπος.

175 1487 205 1548 4.
231 1486 272 1547 V.
299 1486 325 1547 1.
350 1485 464 1568 γυμνοὶ
487 1485 547 1569 γὰρ
571 1485 696 1570 ὤθουν]
721 1486 835 1568 γυμνοί
858 1485 919 1568 γὰρ
939 1488 1052 1569 ὤμους
1068 1485 1181 1569 Bergk.
1205 1486 1320 1568 γυμνοί

98 1575 148 1656 γὰρ
171 1575 301 1658 ὄρθρου
325 1574 361 1639 R.
385 1575 474 1639 Ellis.
514 1573 572 1651 Qu.
605 1575 719 1658 γυμνοὶ
753 1575 781 1638 δ’
810 1576 938 1639 ἄνωθεν
967 1574 1098 1656 (Μαίη),
1131 1575 1184 1639 vel
1206 1575 1319 1658 γυμνοὶ

98 1664 125 1726 δὲ
146 1665 241 1728 τᾶνω.
283 1663 327 1728 of.
344 1663 437 1748 Soph.
454 1665 527 1728 415.
556 1664 706 1728 ποδαπὸν
728 1665 763 1728 τὸ
788 1665 897 1746 δῶρον
920 1665 1002 1748 ἀμφὶ
1026 1666 1188 1748 φαιδίμοις
1211 1661 1317 1752 ἔχων(

97 1755 206 1834 ῶμοις,·
302 1756 330 1816 2.
354 1754 564 1839 σφριγῶντες]
589 1759 789 1836 σφριγῶντας
816 1755 929 1838 Bergk.
975 1755 1086 1839 Recte,
1115 1756 1234 1838 opinor.
1274 1755 1318 1819 Os.

97 1845 182 1907 Arist
206 1842 284 1926 Lys.
301 1843 352 1906 80.
376 1844 422 1914 ὡς
446 1842 476 1906 δ’
500 1845 653 1926 εὐχροεῖς,
677 1844 724 1914 ῶς
748 1844 783 1907 δὲ
806 1853 925 1926 σφριγᾷ
947 1843 982 1907 τδ
1006 1845 1101 1925 σῶμά
1125 1867 1192 1908 σου.
1263 1844 1318 1926 ἔμ-

97 1932 291 2017 πορεύονται]
315 1931 389 2016 Leg.
413 1934 654 2016 εἰσπορεύονται.
748 1936 775 1997 3.
799 1933 954 2015 καρτερὰς
977 1933 1159 2018 ἐπωμίδας]
1184 1931 1228 1996 of.
1244 1932 1319 1997 Eur.

100 2023 160 2105 loo,
185 2025 213 2088 3.
249 2028 397 2106 κρεῖσσον
428 2023 495 2085 τύδ’
528 2023 589 2086 ἐστὶ
621 2029 777 2106 καρτεροῦ
810 2024 990 2106 βραχίονος.
1030 2024 1124 2085 1044.
1158 2024 1194 2086 ἐκ
1226 2023 1320 2106 χερὸς

98 2117 253 2196 καρτερᾶς.
344 2113 373 2174 4.
398 2110 515 2195 ἐλαίου]
538 2110 612 2196 Leg.
630 2113 733 2194 ἐλαίῳ.
824 2113 877 2175 καὶ
898 2113 1011 2175 ποδῶν
1026 2111 1132 2196 κύτος]
1156 2113 1319 2194 κεύόδμου

30 2223 31 2238 ³
98 2201 196 2272 λίτους
229 2200 264 2264 F.
295 2201 330 2265 G.
360 2201 511 2265 Schmidt.
566 2201 619 2264 καί
655 2202 804 2285 πλευρῶν
845 2202 940 2272 κύτος
976 2199 1101 2284 Empcr.
1156 2200 1229 2285 Leg.
1266 2202 1320 2265 καλ

98 2292 223 2373 πάμπαν
252 2294 319 2371 (aut
341 2290 376 2354 τὸ
399 2295 463 2354 πᾶν
496 2310 569 2354 com
594 2291 848 2371 Schneidewin0)
882 2292 988 2372 δέμας.
1022 2289 1065 2354 Cf.
1092 2291 1141 2374 17,
1167 2291 1195 2352 3.
1223 2291 1320 2373 μύρῳ

98 2383 256 2534 ἓεὴῃρὲσῃν
290 2381 425 2463 πάμπαν
453 2380 583 2463 εὐόσμῳ
612 2381 720 2462 δέμας.
817 2382 845 2443 5.
868 2380 1022 2465 χρίουσιν]
1050 2380 1203 2463 βρύουσιν
1225 2380 1258 2444 F.
1283 2380 1319 2444 G.

116 2489 130 2532 c

177 2579 205 2641 5.
230 2578 271 2642 V.
299 2577 326 2640 1.
350 2578 393 2648 εἰς
416 2578 579 2660 ἀργυροῦν
601 2601 645 2647 τις
668 2578 706 2641 A.
735 2577 908 2660 ἰσάργυρόν
934 2577 960 2639 τ’
990 2578 1033 2648 εἰς
1055 2577 1206 2661 Heriuge.
1230 2577 1318 2659 ἰσαρ-

99 2666 187 2748 γύρου
221 2665 248 2730 τ’
282 2667 315 2737 ἒς
343 2667 438 2731 Mein.
467 2673 499 2730 et
522 2667 587 2748 (εἰς)
611 2667 732 2730 Nauck.
822 2666 927 2750 χεῖρα]
961 2672 1045 2749 χεῖρε
1076 2667 1167 2730 malit
1197 2665 1318 2730 Nauck.

100 2759 161 2930 001}
185 2756 347 2910 ‹lhpigriplvotl
381 2755 438 2832 Qu.
464 2756 593 2820 διδοῦσι.
684 2756 878 2841 Αἰγυπτίων]
912 2755 1094 2839 Αἰγυπτίων
1125 2752 1128 2842 (
1159 2755 1318 2838 (ἄλειμμα)

177 2954 205 3016 6.
230 2954 271 3016 V.
299 2954 326 3015 l.
350 2954 442 3034 (οὐκ)
470 2954 504 3016 ἐν
531 2959 609 3036 κενῇ
638 2951 698 3036 γὰρ
721 2952 828 3017 Herw.
920 2954 980 3016 οὐκ
1004 2952 1082 3037 ἔστι]
1107 2955 1202 3017 ἔνεστι
1225 2953 1319 3017 idem.

101 3040 272 3127 Utrumque
297 3048 390 3106 recto.

32 3125 33 3150 ¹
178 3135 205 3196 7.
230 3133 272 3195 V.
297 3135 326 3194 2.
355 3132 510 3214 κάθεφθα
535 3169 576 3178 -
600 3131 734 3215 κνισηρὰ
767 3132 1067 3217 παραφλογίσματα]
1100 3132 1253 3217 Nomina,
1285 3133 1319 3196 ni

32 3299 33 3306 ἵ
100 3219 190 3305 fallor,
214 3241 284 3286 non
308 3221 384 3284 alibi
407 3222 508 3285 obvia.

32 3315 33 3328 λ
177 3331 206 3392 8.
230 3329 272 3391 V.
299 3329 326 3392 1.
351 3328 387 3392 δέ
408 3327 466 3412 τοι]
492 3327 549 3403 Qu.
575 3327 604 3392 δ’
628 3329 700 3411 ἐγώ.
793 3331 821 3391 2.
846 3333 969 3412 (φωνῆς
992 3330 1036 3410 ἒν)
1060 3330 1194 3413 ὄρφναις
1217 3331 1321 3394 ταῖσδε

101 3420 168 3502 conj.
192 3419 235 3482 M.
258 3417 410 3482 Schmidt.
457 3417 566 3482 Malim
590 3423 714 3501 (φωνῆς
738 3419 780 3498 ἕν)
805 3420 911 3501 ὄρφνῃ
935 3419 1017 3501 τῇδε.

178 3511 206 3571 9.
231 3508 272 3570 V.
300 3508 493 3590 1.ἀχελῴος
521 3514 576 3571 eut
603 3508 746 3590 ἀχελῶος
768 3509 851 3572 libri.
899 3507 997 3571 Scrib.
1026 3509 1177 3591 ἀχελῶος.
1268 3507 1319 3592 ἦν]
1371 3547 1377 3556 ·

101 3595 136 3658 ἔνι
157 3595 253 3661 Mein.
347 3599 375 3659 2.
398 3598 492 3661 τοῦδε
514 3606 560 3679 τῷ
584 3597 675 3681 γένει]
700 3598 787 3661 τοῦδ’
811 3599 882 3680 ε’μῴ
905 3599 985 3679 γένει
1000 3598 1124 3661 Jacobs.
1148 3598 1242 3660 τοῦδε
1264 3604 1319 3660 τοῦ

102 3686 205 3762 γάνους
228 3685 437 3772 probabiliter
456 3687 664 3752 R.Mctl1ner.
704 3687 761 3763 Qu,
786 3687 868 3769 τῷδε
890 3696 937 3769 τῴ
960 3687 1039 3769 γένει
1063 3691 1116 3768 (sc.
1139 3693 1204 3749 τῶν
1227 3688 1319 3750 σατύ-

102 3780 176 3853 ρων).
222 3777 258 3840 Si
292 3777 453 3840 sincerum
485 3782 532 3839 ost
558 3776 666 3849 τοῦδε,
695 3776 837 3860 intelligo
866 3783 922 3840 τοῦ
946 3777 1069 3846 ὕδατος,
1161 3777 1189 3840 3.
1213 3777 1320 3846 καλῶς

102 3864 150 3940 μέν
172 3863 230 3929 οὖν
254 3865 341 3947 ἄγειν
364 3866 469 3948 σκύθῃ
494 3865 586 3949 πιεῖν]
610 3866 718 3936 καλῶς
735 3866 795 3948 μὲν
812 3865 869 3929 οὖν
893 3869 932 3929 ἀν
956 3867 1077 3949 ἰγχέαις
1099 3865 1216 3948 Σκύθῃ
1240 3873 1320 3929 πιεῖν

103 3950 184 4016 lleiu.
224 3953 285 4030 Qu.
318 3955 425 4025 καλῶς
457 3954 485 4037 γ’
509 3958 548 4018 ἂν
581 3957 702 4038 ἕγχέαις
735 3957 773 4019 σύ
805 3980 851 4038 τῳ
884 3959 949 4038 (aut
976 3959 1052 4036 που)
1085 3955 1201 4038 Σκύθῃ
1230 3962 1319 4028 πιεῖν,

104 4043 143 4105 rcl
164 4045 274 4114 καλῶς
297 4043 327 4126 γ’
350 4046 389 4108 ἂν
413 4043 471 4108 οὖν
495 4045 533 4108 σύ
558 4044 586 4127 γ’
611 4083 666 4108 -.

181 4153 230 4214 11.
257 4151 295 4216 V.
321 4154 349 4213 2.
372 4151 392 4234 ἦ
416 4176 480 4215 που
505 4153 632 4235 σφόδρα
656 4152 789 4236 θυμοῖ;]
815 4152 872 4229 Qu.
897 4153 916 4235 ἦ
942 4154 1068 4236 σφόδρα
1087 4155 1202 4236 θυμοῖ;
1230 4153 1320 4218 Huoc

105 4239 210 4306 Achaei
234 4260 303 4305 non
326 4261 394 4305 esse
418 4243 534 4325 injuria
557 4244 705 4326 opinatur
727 4243 763 4306 R.
788 4243 941 4306 Methncr.

182 4351 230 4412 13.
256 4348 295 4411 V.
322 4349 349 4412 l.
382 4350 412 4412 τί
442 4350 470 4412 δ’
499 4351 786 4433 ὑποκεκρυμμένος
813 4356 912 4420 ποιεῖς
935 4351 1031 4414 Mein.
1124 4353 1152 4413 2.
1176 4353 1319 4435 σαραβά-

107 4437 173 4522 κων]
197 4439 384 4521 σαραβικῶν
406 4439 499 4503 idem.

182 4529 231 4591 14.
255 4527 295 4591 V.
313 4529 341 4589 2.
362 4529 470 4592 κοινόν
485 4529 527 4613 τε]
545 4531 632 4592 οἴνου
649 4553 680 4593 τε
695 4529 777 4594 bone
795 4528 1025 4593 Schneidewin.
1059 4528 1141 4594 Fort.
1158 4530 1265 4596 πλέων
1280 4555 1320 4595 τε.
