3446 5258
332 430 393 494 188
860 453 1026 497 araurem.

374 612 402 673 3.
426 613 455 673 τί
476 611 536 695 δεῖ]
564 612 594 674 τί
618 635 665 675 νιν
688 611 720 676 F.
743 613 779 676 G.
801 609 950 675 Schmidt.
1041 611 1305 696 κάξαμσρτάνειν]
1330 610 1388 688 Qu.
1415 613 1461 696 μὴ
1491 613 1556 687 ’ξα-

396 701 505 764 τάνειν.

328 723 396 784 m
419 789 513 853 1047.
538 791 660 872 γυναικὶ
688 790 717 853 δ’
741 790 848 874 ὄλβος]
878 791 960 854 Fora
990 790 1138 874 γυναικὸς
1166 792 1275 874 ὄλβος,
1305 796 1360 855 aui
1387 791 1465 875 γονὴ
1493 793 1554 856 τιά-

328 879 451 962 νολβος.
556 878 606 962 ἤν]
631 881 670 943 δν
693 879 774 943 libri.

419 969 513 1051 1048,
538 971 565 1030 2.
591 969 640 1032 δεῖ
658 968 740 1032 libri.
764 968 811 1032 ἀεὶ
835 967 982 1053 Scaliger.
1073 971 1102 1032 4.
1118 975 1183 1033 τῶν
1197 971 1327 1034 πάντων
1348 969 1487 1056 βροτῶν]
1507 971 1555 1036 Ne

327 1059 456 1122 πάντων
482 1062 547 1121 τῶν
574 1059 701 1140 βροτῶν
729 1060 885 1141 requirar,
918 1059 954 1122 cf.
979 1059 1028 1122 rr.
1052 1060 1126 1140 439,
1153 1059 1179 1120 1.
1209 1066 1274 1130 τοῖς
1300 1064 1396 1123 πᾶσιν
1422 1061 1555 1144 βροτοῖς.

373 1147 401 1209 5.
424 1148 537 1210 τοιοῦτ’
562 1147 595 1210 ἐν
618 1146 739 1232 γραφῇ]
762 1148 904 1212 τοιοῦτόν
926 1172 1002 1212 ποτε
1025 1149 1143 1212 Hense.
1166 1155 1258 1231 πῆμα
1281 1154 1423 1213 τοιοῦτον
1447 1157 1555 1233 γραφῇ

327 1237 431 1300 Prinz.
471 1234 529 1312 Qu.
556 1243 698 1300 τοιοῦτον
726 1238 865 1320 γράφειν.
971 1237 1107 1321 γένοιτο]
1138 1237 1264 1302 δύναιτο
1292 1239 1325 1302 F.
1347 1240 1383 1302 G.
1405 1239 1554 1303 Schmidt.

374 1327 402 1388 6.
427 1325 498 1389 οὐδ’
515 1328 554 1389 δν
570 1327 613 1396 εἷς
636 1325 718 1409 ἀνὴρ
737 1322 739 1410 i
759 1324 907 1408 γυναικὸς
930 1325 1105 1411 αύχήσειεν]
1130 1327 1200 1390 οὐδ’
1224 1330 1264 1392 δν
1280 1327 1322 1398 είς
1338 1328 1399 1410 (μ’)
1414 1328 1496 1411 ἀνὴρ
1514 1368 1554 1376 -

328 1415 418 1479 malit
439 1415 560 1480 Nauck.
595 1413 653 1491 Qu.
678 1416 748 1479 οὐδ’
772 1417 812 1479 ἂν
835 1416 878 1485 είς
901 1416 1002 1498 γεγὼς
1025 1416 1087 1496 (vel
1109 1441 1144 1497 γε
1159 1416 1232 1498 φύς)
1257 1454 1312 1481 -.
1404 1421 1432 1481 λ.
1450 1441 1554 1500 γυναι-

327 1503 400 1587 κός]
432 1511 488 1587 τῆς
514 1504 634 1587 μητρὸς
657 1505 752 1569 Mein.
830 1504 1009 1589 αύδήσειεν]
1034 1507 1181 1588 αῦδήσειέ
1203 1506 1238 1588 μ’
1262 1506 1357 1570 Mein.
1391 1507 1556 1590 αύχήσειεν

327 1593 360 1656 F.
374 1593 409 1656 G.
423 1592 573 1657 Schmidt.
598 1593 655 1670 Qu.
680 1594 843 1678 ἒκβλάστοι
866 1594 928 1674 (vel
951 1597 991 1657 ἂν
1010 1595 1148 1678 βλάστοι)
1171 1595 1250 1668 ποτ’,
1273 1595 1325 1659 vel
1349 1597 1397 1659 ὢν
1419 1599 1554 1679 φήσειεν.

328 1681 372 1746 01.
396 1682 445 1746 Fr.
471 1683 543 1764 697,
568 1684 596 1744 3.
625 1684 717 1746 ἔνδεν
745 1685 879 1766 εὔχομαι
903 1684 1001 1764 γένος.
1033 1685 1121 1767 Trag.
1147 1685 1262 1768 Adesp.
1280 1685 1352 1747 323.
1372 1685 1554 1769 Ἀργεῖσςῆ

331 1769 484 1855 Θηβαῖος·
509 1771 627 1854 οὐγὰρ
649 1774 782 1854 εὔχομαι
800 1769 803 1860 l
821 1778 896 1855 μιᾶς
919 1777 972 1852 (sc.
988 1773 1132 1854 πάτρος)·
1156 1775 1241 1844 ἅπας
1262 1797 1320 1856 μοι
1341 1774 1465 1857 πύργος
1484 1775 1553 1837 Ἑλ-

327 1860 433 1943 λήνων
469 1862 587 1943 πατρίς.
625 1868 657 1925 et
688 1862 728 1925 ad
757 1861 848 1945 Soph.
872 1861 947 1926 Ant
973 1863 1045 1925 982.
1083 1863 1208 1946 σπέρμα
1241 1863 1300 1946 μὲν
1333 1862 1554 1946 ἀρχαιογόνων

327 1949 433 2013 ἅντασ’
458 1953 506 2029 (1)
525 1949 739 2032 Ἐρεχθειδᾶν.

420 2040 514 2122 1040,
539 2042 567 2102 2.
590 2039 685 2122 λόγος
708 2039 769 2123 γὰρ
793 2039 907 2110 ἒσδλδς
930 2041 977 2104 ed.
1006 2040 1101 2122 λόγος
1126 2040 1186 2124 γάρ
1210 2042 1341 2115 ἐσδλοῦ,
1370 2043 1467 2124 λόγου
1494 2042 1553 2124 γὰρ

328 2129 445 2192 ἐσδλοῦ
470 2129 507 2190 ai.
535 2129 623 2210 λόγοι
647 2127 707 2210 γὰρ
731 2130 840 2193 ἐσθλοί
862 2130 1067 2214 probabiliter
1089 2131 1210 2194 Nauck.
1243 2131 1388 2196 Fortasse
1411 2138 1497 2196 recte
1520 2152 1554 2196 se

326 2217 422 2281 habet
443 2217 537 2299 λόγος
561 2218 621 2300 γὰρ
645 2218 766 2290 ἐσθλός.
802 2216 860 2293 Qu.
876 2220 1011 2302 χρηστὸς
1031 2220 1125 2301 λόγος
1141 2221 1209 2302 γάρ.
1300 2219 1420 2305 φόβου]
1444 2222 1553 2303 δυμού

327 2309 407 2390 conj.
432 2307 566 2390 Nauck,
592 2308 661 2371 cell.
686 2308 769 2372 Men.
786 2309 870 2372 Mon.
888 2311 938 2372 37.
962 2310 1072 2391 θυμοῦ
1095 2309 1270 2392 φάρμακον
1293 2309 1429 2393 χρηστὸς
1451 2310 1552 2394 λόγος.

327 2396 475 2460 Menand.
499 2396 554 2460 IV.
579 2398 652 2460 346.
675 2399 821 2480 μέγιστον
844 2399 943 2482 ὀργῆς
966 2400 1027 2462 ἔστι
1050 2399 1224 2481 φάρμακον
1246 2399 1349 2480 λόγος.

419 2486 512 2550 1050.
536 2487 554 2569 ἡ
579 2487 674 2569 φύσις
702 2525 743 2534 -—
771 2492 827 2550 τοῦ
857 2487 978 2570 γένους]
1011 2489 1160 2572 Anglice‚
1192 2488 1250 2551 his
1282 2489 1415 2572 family
1442 2488 1552 2553 birth.

371 2576 492 2660 πατρίς]
516 2577 620 2658 πάρος
642 2583 741 2657 recte,
764 2581 800 2639 ut
822 2576 963 2657 videtur,
986 2577 1076 2642 Both.
1123 2579 1142 2660 ἡ
1167 2577 1260 2659 φύσις
1287 2578 1411 2660 ἑκάστῳ
1434 2580 1496 2642 κού
1518 2577 1553 2642 τδ

327 2667 417 2748 γένος
441 2666 520 2728 ἐστὶν
542 2666 653 2745 πατρὶς
676 2667 756 2748 conj.
779 2664 885 2726 Herw.

419 2755 512 2834 1051,
538 2754 565 2816 1.
589 2756 618 2815 εἰ
639 2752 684 2835 (ἦ,
708 2752 748 2834 ἦν
764 2752 813 2830 al.)
835 2758 899 2821 τοῖς
922 2753 955 2816 ἐν
979 2756 1059 2837 οἴκῳ
1082 2757 1240 2838 χρήμασιν
1259 2756 1447 2839 λελείμμεθα
1471 2757 1552 2820 libri.

327 2851 384 2909 νῦν
408 2881 449 2890 —
474 2844 554 2924 conj.
577 2841 699 2904 Nauck.
728 2841 756 2902 εἰ
780 2845 844 2903 τῶν
871 2841 905 2904 ἐν
933 2845 1013 2925 οἴκῳ
1040 2847 1280 2928 χρημάτων-
1304 2845 1439 2928 Machly.
1479 2847 1554 2910 Fer-

328 2940 409 2997 tasse
442 2935 535 2994 recte.
572 2926 629 3003 Qu
662 2934 727 2991 τῶν
754 2928 898 3012 ἀρσένων
929 2933 989 3013 μὲν
1020 2936 1179 3017 χρήμασιν
1208 2934 1411 3017 λελείμμεδο,
1449 2935 1499 3000 vel
1528 2938 1555 2999 εί

326 3028 390 3084 τῶν
418 3020 451 3081 ἐν
479 3019 560 3098 οἴκῳ
587 3018 761 3100 χρημάτων
788 3018 991 3103 λελείμμεθα,
1017 3018 1020 3110 i
1051 3023 1117 3085 ἀλλ’
1145 3023 1288 3105 ηύγένειο
1317 3061 1373 3098 -,
1406 3025 1458 3088 vel
1489 3030 1553 3088 τῶν

325 3111 385 3192 μέν
414 3107 442 3189 γ’
466 3108 499 3169 ἐν
527 3108 608 3188 οἴκῳ
632 3143 688 3179 -,
711 3102 756 3193 iri
783 3106 811 3171 δ’
840 3110 976 3190 εὐγένεια
1006 3149 1060 3193 -,
1096 3113 1148 3176 vel
1174 3119 1238 3182 τοῖς
1264 3115 1324 3195 μέν
1352 3113 1380 3196 γ’
1409 3114 1443 3178 ἐν
1473 3116 1553 3196 οἴκῳ

326 3197 484 3280 χρήμασιν
508 3232 563 3256 -.
603 3194 646 3259 Gi.
671 3193 763 3280 Seph.
788 3197 1018 3263 06110195.
1052 3201 1198 3284 λείπομαι
1230 3201 1290 3284 γὰρ
1322 3201 1381 3266 οὖν
1406 3199 1417 3289 1
1434 3211 1481 3286 τῷ
1507 3203 1552 3286 μὴ

328 3285 484 3348 δύνασδαι
508 3288 565 3347 etc.
658 3286 686 3346 2.
710 3287 729 3369 ἡ
755 3285 784 3349 δ’
808 3288 956 3372 εὐγένεια]
982 3287 1039 3364 Qu.
1063 3291 1130 3373 ἥγ’
1147 3295 1213 3372 (aut
1235 3291 1313 3374 ἀλλ’)
1337 3330 1394 3366 -,
1418 3293 1553 3356 sirecte

326 3392 360 3436 so
384 3372 479 3436 habet
502 3374 530 3436 εί
549 3374 585 3437 in
607 3396 636 3438 v.
655 3375 682 3436 l.

418 3461 511 3544 1052,
537 3463 564 3524 1.
587 3463 717 3528 τοσόνδε
739 3465 821 3528 iibri.
849 3465 903 3530 τὸν
926 3467 983 3531 σὸν
1007 3467 1041 3531 δὲ
1064 3469 1207 3533 Pierscn.
1298 3471 1326 3532 2.
1350 3471 1488 3553 εὐσεβεῖν
1512 3507 1553 3517 -

327 3551 501 3635 ἠσκηκότα]
526 3549 568 3615 Of.
585 3552 679 3637 Hipp.
699 3554 792 3616 1080.
817 3555 933 3619 σαυτὸν
956 3559 1099 3639 ἤσκησας
1123 3559 1232 3641 σέβειν.
1324 3561 1353 3621 3.
1377 3560 1413 3622 ἐκ
1428 3560 1553 3624 τοιοῦδε

327 3640 487 3724 σώματος]
512 3643 660 3725 σώματος
683 3649 865 3727 suspectum
889 3646 983 3710 habet
1005 3646 1125 3710 Nauck.
1152 3647 1291 3730 λήματος
1310 3648 1461 3712 Diintzer.
1495 3647 1553 3724 Qu.

326 3730 362 3792 ἐκ
386 3731 504 3793 τοιοῦδ’
528 3733 567 3794 δν
591 3733 747 3815 ἐξαίφνης.
794 3733 846 3796 Ex
869 3733 1044 3818 Hippolyte
1060 3737 1372 3820 κατακαλυιιτομένῳ
1388 3739 1554 3822 desumpta

326 3819 405 3884 hacc
429 3827 538 3884 censet
561 3821 667 3884 Monk.
692 3823 731 3885 ad
755 3821 849 3905 Hipp.
877 3824 970 3888 1249,

417 3909 511 3982 1053,
538 3910 564 3971 1.
586 3910 642 3973 τδν
664 3909 721 3974 σὸν
745 3912 780 3975 δὲ
803 3912 913 3996 παῖδα]
941 3913 995 3976 τδν
1022 3914 1116 3978 τοῦδε
1138 3915 1257 3997 πατέρα
1285 3916 1317 3981 N.
1343 3916 1378 3979 G.
1403 3913 1552 3980 Schmidt.

371 3999 398 4059 3.
424 3998 458 4060 ἐκ
482 4000 606 4063 τοιοῦδε
629 4000 788 4084 σώματος]
813 3998 871 4076 Qu.
896 4003 932 4064 ἐκ
955 4004 1080 4067 τοιοῦδε
1094 4004 1292 4087 μεταβαλὼν,
1317 4004 1367 4069 vel
1384 4005 1419 4069 ἔκ
1435 4004 1553 4069 τοιοῦδ’

325 4089 365 4148 δν
388 4087 423 4160 ἐξ
446 4087 576 4170 ἀνδρὸς,
600 4090 651 4152 rel
674 4091 779 4172 petius
803 4091 839 4153 ἐκ
862 4092 980 4155 τοιοῦδ’
1003 4095 1043 4155 ἂν
1067 4094 1224 4176 ἐξαίφνης.
1260 4094 1431 4177 Vulgatam
1447 4101 1554 4160 tuetur

326 4175 483 4258 Schmidt,
511 4177 580 4240 coil.
609 4177 716 4261 Suppl.
742 4181 814 4240 223.
844 4181 891 4243 m.
918 4181 990 4263 531,
1008 4183 1026 4243 3
1042 4182 1080 4246 N.
1171 4183 1331 4268 σώματος]
1356 4184 1552 4268 Suspectum

326 4263 417 4329 Latet
439 4266 570 4330 fortasse
593 4269 794 4352 participium
817 4275 985 4333 mutatus
1009 4271 1199 4354 significans.

415 4355 509 4437 1055,
534 4358 561 4417 2.
593 4357 761 4439 ἀνχρόνων
794 4363 849 4423 aut
880 4361 920 4422 ἂν
951 4360 1079 4441 χρόνων
1110 4360 1192 4424 libri.
1231 4362 1380 4444 ἀγχονῶν
1411 4362 1552 4428 Pierscn.

369 4441 498 4527 ῥίπτειν]
527 4443 644 4526 ῥιπτεῖν
668 4446 706 4508 al.
802 4448 918 4529 ῥίπτειν
945 4448 1022 4534 ἄπο]
1056 4449 1204 4533 Anglice,
1238 4457 1279 4538 tc?
1311 4452 1428 4515 thrcw
1467 4471 1553 4517 ene·

325 4531 400 4596 seli
419 4531 524 4597 from.
