3320 5250
332 413 393 474 138
856 431 1021 476 romrmm.

328 589 406 654 Aah.
424 591 497 653 301.
544 589 602 666 Ωιι.
625 591 781 673 τμηθεῖσα
810 589 928 660 ὀοκοὺς
956 589 1087 669 (ἄοκοὺς
1113 589 1278 670 Erotium),
1305 593 1338 652 et
1360 588 1533 668 κυπάρισσος

328 702 357 743 v.
374 683 403 742 8.
500 681 528 742 6.
562 679 746 762 στεγανούς]
784 679 828 742 Of.
856 679 1002 743 Themist.
1032 679 1084 742 Or.
1109 680 1159 742 21.
1198 679 1312 742 2620.
1351 675 1536 758 στεγανὸςεί

328 769 381 832 καί
418 767 641 851 Ἀρεοπαγίτου
679 769 919 852 σιωπηλότερος.
1043 769 1070 831 7.
1103 767 1250 851 χαλύβῳ]
1288 766 1371 830 Fort.
1407 767 1534 849 χάλυβος.

372 859 553 940 ταυροὸύεῳ
588 858 699 941 l'orph.
738 859 894 940 τοραλίτῳ
931 865 986 921 aut
1021 858 1182 939 ταρσλύβω
1214 855 1354 920 Ειοιὶιιιι.
1377 855 1535 936 ταυρολίτῳ

329 950 408 1030 conj.
433 948 552 1011 Nauck.
599 945 796 1031 Suspectum.
844 945 903 1021 Qu.
926 949 1068 1029 ταυρείῳ.
1174 945 1319 1028 κρηύεῖσ’
1342 945 1454 1028 Porph.
1475 943 1535 1006 κολ-

328 1037 435 1118 ληύείς
451 1037 535 1100 Erot.
559 1036 656 1118 κάλλη
673 1035 818 1118 κραβεῖσ’
835 1037 1008 1100 Hermann.
1045 1033 1103 1110 Ωιι.
1119 1037 1173 1099 καί
1192 1036 1311 1116 ταύρου
1326 1035 1424 1118 κόλλῃ
1439 1033 1535 1114 κολλη-

329 1125 417 1190 ύεῖσ’.
463 1126 492 1189 Ν
495 1146 531 1190 ου
548 1127 693 1208 displicet
708 1126 917 1190 Herwordeni
933 1127 1086 1190 correctio
1104 1124 1309 1206 στερροὸέτῳ.
1399 1125 1428 1187 8.
1450 1146 1536 1186 κυπα-

329 1214 451 1298 ρίσσου]
488 1215 647 1278 Οοιιιιοοιυ
680 1235 753 1278 cum
787 1213 885 1283 δοκὸς
916 1235 946 1276 v.
968 1217 996 1276 5.
1046 1215 1118 1278 Nisi
1147 1213 1373 1297 corrigendum
1399 1213 1537 1292 κυπάρισ-

329 1328 385 1374 σος
408 1311 440 1366 et
463 1304 589 1374 δοκούς.
691 1306 718 1368 9.
741 1303 893 1386 τείνομεν]
918 1303 1070 1366 Nonnihil
1095 1309 1285 1386 suspectum.
1393 1302 1443 1365 10.
1465 1299 1538 1382 γενό-

328 1393 404 1476 μην]
429 1391 538 1458 Scribo
563 1393 708 1476 γενόμαν.
802 1393 851 1454 ll.
874 1392 1027 1475 βροντάς]
1050 1393 1168 1475 βροτάς
1183 1392 1221 1454 al.
1253 1391 1361 1474 βιατὰς
1377 1392 1426 1454 ed.
1457 1413 1539 1452 σπαι-

329 1483 387 1552 dic
411 1481 554 1564 Κλουσία,
587 1484 671 1563 quod
696 1484 723 1544 si
747 1484 907 1546 εἰιιουιιιιιι
931 1487 991 1564 est,
1024 1482 1224 1546 referendum
1252 1482 1314 1544 erit
1339 1501 1397 1564 per
1423 1499 1539 1562 zeugma

329 1572 367 1634 ad
391 1571 523 1641 τελέσας.
571 1570 713 1636 Εὀιίιωεο
738 1579 830 1635 recte.
879 1569 936 1646 Qu.
959 1571 1093 1644 τελετάς,
1118 1571 1168 1635 vel
1192 1571 1339 1642 θιάσους,
1369 1570 1422 1634 rel
1443 1569 1539 1650 ἱερούς.

373 1661 426 1722 καί
450 1661 508 1744 -]
533 1659 591 1735 Ωιι.
614 1661 669 1730 τάς
694 1699 748 1723 -.
864 1661 913 1724 13.
938 1661 1026 1742 ὀρείᾳ
1054 1661 1154 1730 adduc
1181 1660 1229 1723 ed.
1265 1659 1440 1740 ἄριοόᾶάας
1465 1657 1540 1720 codd.

329 1750 424 1830 ὀρείῳ
448 1750 549 1831 άᾷὸας
573 1749 693 1813 Nauck.
787 1751 835 1812 14.
859 1749 913 1814 καὶ
936 1749 1126 1832 Κουρήτων]
1151 1747 1209 1824 Ωιι.
1233 1753 1297 1812 τῶν
1322 1785 1377 1811 ——.
1466 1745 1540 1808 Κου·

329 1839 446 1922 ρήτων]
472 1838 529 1913 Ωιι.
554 1839 727 1920 Κούρησιν.
820 1841 869 1903 17.
893 1837 1107 1922 νεκρούήκης]
1136 1838 1321 1920 νεκρούήκη
1346 1837 1384 1900 al.
1424 1835 1480 1912 Ωιι.
1500 1859 1540 1897 τε·

329 1929 493 2010 κροᾶηκη,
517 1929 568 1992 vel
592 1930 801 2010 νεκραύήκας.
895 1930 944 1992 18.
968 1929 1007 1991 οὐ
1030 1926 1277 2010 χριμπτόμενος]
1308 1925 1366 2000 Ωιι.
1393 1927 1439 2009 μὴ
1462 1926 1540 2008 χρίμ-

328 2019 474 2088 πτεσθαι,
499 2019 549 2081 vol
573 2017 646 2087 τοὺς
661 2020 924 2100 χριμπτομένους.
1018 2018 1067 2079 19.
1087 2018 1143 2099 τήν
1158 2016 1184 2078 τ’
1200 2016 1371 2099 ἐμψύχων]
1388 2022 1452 2079 τῶν
1467 2014 1493 2078 δ’
1508 2049 1540 2058 -

329 2105 462 2168 Ιιολιιιολι.
503 2105 560 2181 Ωιι.
584 2106 640 2187 τὴν
664 2106 693 2169 δ’
718 2143 772 2168 —-.
863 2105 1078 2188 πεψύλαγμαι]
1103 2103 1208 2169 Medio
1232 2124 1337 2169 sensu.

417 2213 522 2294 475b,
548 2214 575 2274 1.
599 2214 729 2277 Arridot
752 2215 903 2278 Mdinekii
927 2216 1121 2296 conjectura,
1148 2213 1191 2282 τίς
1213 2212 1334 2293 τούμὸν
1357 2213 1460 2294 ὄνομα
1481 2210 1541 2272 τοί-

328 2303 530 2365 πονείὸιστον.
577 2301 636 2377 Ωιι.
659 2305 702 2372 τίς
724 2302 854 2386 τοῦνομ’
878 2304 960 2372 ὅστις
983 2302 1234 2365 τούτιανείᾶιστον
1249 2303 1378 2384 βροτοῖς
1400 2301 1461 2380 (vel
1475 2302 1541 2382 βρο-

328 2394 403 2469 τῶν)
426 2397 483 2455 ete.
573 2393 711 2475 βροτοῖς]
735 2391 819 2476 Lege
842 2395 968 2476 βροτῶν
991 2393 1045 2470 (τίς
1067 2393 1212 2473 βροτῶν).

417 2498 576 2561 ΛΑΜΙΑ.
605 2500 680 2583 Arg.
720 2498 821 2563 Schol.
846 2500 924 2564 Piat.
958 2498 1087 2578 ὅεύτερα
1121 2499 1300 2581 (δευτέρᾳῖ)
1335 2498 1371 2561 de
1402 2497 1542 2580 Λίβυσσα.

329 2587 408 2650 Ibid.
440 2589 553 2672 ταύτης
589 2596 643 2672 τῆς
681 2589 883 2658 ύιᾶασκαλίας
920 2581 1184 2670 (περιστάσεωςῗ)
1221 2588 1260 2650 οὐ
1296 2589 1452 2670 μέμνηται
1482 2585 1542 2666 (μά

328 2679 491 2759 μνημαιῗ).

418 2783 695 2849 ΛΙΚΥΜΝΙΟΣ.
725 2786 799 2868 Arg.
832 2785 970 2866 Hesych.
1004 2789 1211 2868 κεραυνοῦται
1240 2781 1300 2867 γάρ
1329 2783 1349 2866 ἡ
1378 2790 1454 2853 ναῦς
1478 2780 1543 2862 (γὰρ

330 2873 437 2952 ναόςλ)
460 2874 539 2936 κατὰ
563 2873 617 2936 τὸν
641 2876 707 2938 ἐκεῖ
726 2875 829 2956 λόγον.
876 2875 954 2938 ibid.
978 2874 1234 2955 κατεσκεμμένου
1259 2873 1544 2956 (κεκεραυνωμίνοο

329 2963 398 3024 coll.
423 2963 517 3026 schol.
542 2965 658 3042 Arist).

418 3069 491 3150 476,
518 3069 544 3131 l.
569 3071 706 3151 (γαῦλον,
735 3070 906 3153 ἄκομψον]
941 3068 983 3133 Cf.
1011 3070 1130 3133 Julian
1156 3069 1207 3132 Or.
1231 3068 1272 3132 Π.
1298 3070 1340 3131 54
1357 3069 1396 3132 Α.
1433 3067 1545 3150 φαῦλοι·

330 3158 383 3220 καὶ
406 3158 558 3239 ἄκομψος
581 3160 705 3241 θεατής.
729 3159 875 3224 Teleelid.
900 3162 928 3221 4.
958 3158 986 3222 ἄν
1010 3159 1046 3222 τά
1070 3159 1129 3240 μὲν
1152 3157 1290 3240 κομψοί,
1313 3158 1351 3221 τά
1376 3158 1411 3221 dd
1433 3155 1544 3240 φαυλό-

329 3271 410 3326 τεροι
430 3243 433 3331 ]
452 3248 597 3328 ψαυλίων
612 3249 732 3330 μύλων.
816 3248 853 3311 τὰ
869 3247 986 3330 μέγιστ’
1003 3247 1139 3331 ἄγαᾶόν]
1157 3246 1214 3321 Ωιι.
1232 3245 1267 3310 τὰ
1283 3246 1406 3329 μάλιστ’
1422 3245 1546 3328 ἀγαθόν.

329 3335 376 3399 Do
394 3335 532 3400 Hercule
548 3338 626 3400 haec
643 3339 733 3400 dicta.
817 3338 941 3419 φαῦλον
957 3335 1120 3420 ἄκομψον]
1138 3337 1182 3400 Cf.
1199 3336 1285 3400 schol
1305 3335 1469 3418 Arisqu.
1480 3333 1546 3396 527.

328 3424 363 3487 τὸ
380 3426 429 3488 ἐπὶ
452 3433 506 3507 τῆς
521 3429 672 3508 φράσεως
691 3428 844 3509 ἄκομψον
860 3426 913 3490 καί
929 3427 1050 3490 ἁπλοῦν
1065 3433 1121 3489 τοῦ
1137 3426 1296 3508 Κρατίνου
1314 3422 1549 3508 ἀλληγορεῖσᾶαί

329 3537 407 3596 ψασι
430 3515 465 3578 τὸ
489 3516 609 3597 ἀφελές.
702 3517 730 3578 2.
754 3516 1025 3598 περιταμνόμενον
1041 3515 1122 3578 libri.
1154 3514 1420 3597 περιτεμνόμενον
1434 3512 1546 3578 Nauck.

329 3604 477 3686 Anglioo,
525 3606 858 3688 circumscribing,
901 3607 1093 3688 reducing.
1169 3603 1251 3668 Fort
1295 3603 1546 3686 συντεμνόμενον.

375 3696 403 3754 3.
427 3693 539 3775 λέσχης
563 3694 734 3777 ἀτρίβωνα]
754 3696 803 3758 Cf.
828 3697 866 3758 ad
891 3695 986 3758 Arist.
1010 3695 1105 3777 Vesp.
1124 3695 1218 3756 1429.
1242 3694 1409 3776 ἐτύγχανεν
1432 3691 1491 3774 γάρ
1513 3689 1548 3752 ού

329 3783 446 3862 τρίβων
469 3785 517 3844 ὢν
540 3785 678 3866 ἱππικῆς.
724 3784 807 3847 Nub.
832 3785 905 3848 869.
929 3786 982 3846 καί
1005 3789 1069 3846 τῶν
1092 3784 1292 3865 κρεμαθρῶν
1316 3785 1410 3847 οὔπω
1438 3781 1548 3864 τρίβων

329 3877 393 3933 τῶν
416 3871 534 3934 ε’νᾶαὸί.

419 3979 492 4038 477.
517 3978 668 4062 ειίκλείας]
693 3979 716 4042 Ι.
734 4000 762 4061 q.
787 3980 939 4052 εὐδοξίας.

419 4068 492 4129 478.
526 4067 561 4128 τό
594 4075 648 4150 τῆς
684 4069 825 4150 ἀνάγκης
858 4070 897 4130 οὐ
929 4069 1027 4150 λέγειν
1060 4069 1137 4131 ὅσον
1166 4066 1273 4151 ζυγόν]
1319 4065 1403 4150 Lege
1433 4064 1466 4128 τὸ
1498 4069 1548 4144 τῆς

330 4156 470 4239 ἀνάγκης
494 4157 573 4219 ἐστὶν
597 4157 658 4235 (rel
680 4158 733 4219 καὶ
756 4158 844 4238 μάλ’)
868 4159 998 4239 ἰσχυρὸν
1022 4158 1125 4239 ζυγόν.
1172 4158 1260 4220 Idem
1285 4175 1396 4219 versus
1427 4159 1486 4234 est,
1516 4159 1549 4214 ut

330 4247 467 4328 videtur,
501 4247 556 4326 qui
588 4247 705 4326 legitur
738 4245 822 4328 apud
853 4245 1008 4329 Doxopat.
1042 4247 1131 4310 rdet.
1154 4246 1194 4310 Π.
1213 4246 1285 4308 291.
1319 4245 1355 4309 τὸ
1381 4252 1434 4328 τῆς
1455 4243 1547 4322 ἀνάγ-

329 4360 389 4417 κης
412 4335 542 4417 ἰσχυρὸν
566 4335 669 4415 ζυγόν.
760 4336 798 4396 ού
815 4334 924 4418 λέγειν]
950 4337 1008 4417 ούχ
1025 4337 1119 4417 ὁρᾷς;
1143 4335 1174 4398 F.
1189 4336 1223 4398 G.
1237 4333 1386 4398 Schmidt.
1431 4330 1548 4414 ἄψατόν

330 4423 390 4489 ἐστ’
413 4425 610 4488 Ηοιιυουάοιι
634 4423 672 4486 ad
697 4423 763 4486 Ion.
789 4425 860 4486 782.
907 4423 1051 4488 Fortasse
1076 4425 1179 4488 οὐκέτ’
1204 4423 1295 4487 οἷσθ’.

418 4515 491 4577 479.
519 4513 729 4596 Τευύράντιον
753 4511 788 4576 δὲ
812 4513 931 4598 σχῆμα]
956 4511 1037 4576 Fort.
1065 4513 1276 4596 Τευᾶράντιον
1298 4513 1444 4595 πόλισμα.

279 4864 1091 5218 ..Yn
