3320 5250
288 411 350 474 152
531 423 536 433 ·
816 432 982 477 uuummm.

285 588 343 672 Eq.
361 589 433 654 430.
466 591 563 672 ἔξειμι
595 591 733 672 γάρ’σοι
760 588 908 672 λαμπρὸς
934 589 988 653 καῖ
1010 591 1109 672 μέγας
1132 591 1261 660 καθιείς.
1355 589 1383 651 6.
1407 590 1512 653 κώλυε

285 678 366 742 libri.
412 677 528 742 κόλουε
550 679 736 743 Wakefield.
760 685 792 742 et
813 679 956 742 Piemun.

375 768 449 852 629,
475 769 501 830 1.
527 768 698 852 διφθέρας]
728 766 772 830 Cf.
796 768 912 851 Adesp.
938 767 1011 830 369.
1035 767 1084 846 (ὁ)
1108 767 1189 838 Ζεὺς
1216 768 1337 831 κατεῖδε
1361 769 1407 849 (P)
1434 769 1510 850 χρά-

285 881 351 927 νιος
374 858 417 926 εἰς
439 856 494 927 τάς
518 857 683 940 διφθέρας.
707 857 825 921 Herod.
838 858 876 920 V.
891 858 941 919 58.
965 856 1020 927 τάς
1035 857 1165 940 βίβλους
1185 858 1342 940 διφθέρας
1364 857 1511 920 καλέουσι

285 945 349 1008 ἀπὸ
380 952 437 1009 τοῦ
468 947 606 1009 παλαιοῦ
638 948 670 1010 οἱ
693 946 816 1019 Ἴωνες,
849 945 896 1010 ὅτι
927 945 999 1010 κοτὲ
1027 947 1061 1009 ἐν
1088 947 1199 1010 σπάνει
1222 946 1343 1029 βίβλων
1366 948 1512 1029 ἐχρέοντο

286 1035 458 1118 διφθέρῃσι
490 1036 613 1118 αἰγέῃσί
641 1059 673 1099 τε
705 1035 759 1098 καὶ
791 1036 898 1118 οίέῇσι.
1010 1034 1248 1119 μελεγγραφεῖς]
1280 1036 1512 1118 μελαγγραφεῖς

285 1131 370 1188 rectu
394 1125 507 1207 Bergk.
531 1123 626 1188 Dind.
674 1127 702 1186 2.
726 1123 931 1208 γηρυμάτων]
961 1125 1005 1188 Cf.
1029 1125 1142 1188 Aesch.
1167 1125 1258 1188 Eum.
1284 1126 1357 1188 539.
1380 1125 1512 1206 σάλπιγξ

242 1241 245 1246 ·
286 1251 327 1259 -
356 1213 531 1296 ὑπέρτονον
559 1214 687 1296 γήρυμα
715 1215 853 1296 φαινέτω
877 1221 1007 1296 στρατῷ.
1037 1213 1112 1276 Eur.
1136 1212 1184 1277 m.
1203 1214 1276 1296 370,
1293 1214 1322 1276 6.
1347 1214 1463 1278 δέλτων
1485 1214 1511 1276 τ’

286 1303 514 1384 ἀναπτύσσοιμι
538 1308 638 1385 γῆρυν
663 1299 666 1388 ]
691 1305 731 1366 ἀν
754 1303 851 1385 σοφοῖ
872 1303 1022 1366 κλέονται.

375 1392 448 1454 630.
473 1391 517 1454 Of.
532 1393 628 1455 Arist.
639 1393 699 1454 Av.
713 1394 806 1455 1232.
827 1392 1044 1474 μηλοσφαγεῖν
1060 1416 1091 1454 τε
1109 1392 1281 1474 βουθύτοις
1295 1391 1344 1454 ἐπ’
1357 1392 1511 1474 ἐσχάραις.

377 1480 515 1543 631.ού
543 1479 605 1562 γάρ
633 1481 736 1544 οὐκέτ’
759 1481 798 1542 V.
838 1481 898 1563 γάρ
927 1481 1029 1545 οὐκέτ’
1057 1481 1093 1544 R.
1132 1479 1235 1544 οὐκέτ’
1263 1481 1393 1545 Burnus.
1417 1481 1511 1544 Dind.

286 1568 344 1645 Qu.
368 1568 549 1651 Σαρδιανός
571 1569 642 1651 εἰμ’,
666 1571 726 1632 οὐκ
746 1569 905 1652 Ἀργόλας.

375 1658 449 1740 632,
475 1659 502 1720 1.
535 1657 696 1742 ἀραγμός]
730 1659 774 1722 Of.
802 1659 895 1723 Rbus.
921 1659 993 1722 569.
1027 1660 1155 1741 δεσμῶν
1187 1659 1333 1742 ἀραγμὸν
1365 1661 1511 1722 ἱππικῶν.

286 1748 404 1812 Phoun.
430 1747 524 1810 1150.
552 1753 677 1829 πετρῶν
700 1748 863 1830 ἀραγμοῖς.
910 1748 996 1830 Cycl.
1022 1749 1094 1811 204.
1186 1751 1215 1810 2.
1245 1748 1409 1831 Κύπριδος
1432 1773 1511 1830 προ-

286 1835 405 1919 σῳδόν]
431 1834 490 1911 Qu.
515 1836 653 1919 Κύπριδι
678 1875 732 1898 -.
779 1837 823 1900 Cf.
848 1839 944 1901 Arist.
968 1836 1016 1900 Fr.
1041 1839 1083 1900 85
1100 1837 1147 1901 Bl.

376 1925 449 1988 634.
472 1924 618 2008 μόμφον]
644 1923 701 2000 Qu.
724 1928 870 2008 propabilia.

309 2103 315 2126 ,
376 2013 473 2124 Π,οΛ
481 2013 551 2076 ΥΙΔ
559 2014 625 2078 ΟΣ.
650 2017 724 2098 Arg.
746 2016 870 2079 Aelian.
890 2014 944 2078 τὸν
971 2017 1128 2079 ταθνεάντα
1156 2022 1212 2079 τοῦ
1228 2015 1324 2079 Μίνω
1352 2015 1406 2079 τὸν
1432 2018 1512 2094 (dele

285 2105 349 2183 τον]
372 2105 451 2274 iiii,
475 2193 504 2254 2.
527 2193 652 2274 πέφυκε
674 2193 756 2275 πρὸς
778 2192 813 2256 τὸ
836 2193 1013 2277 συμφέρον]
1037 2195 1180 2276 πέφυκεν
1203 2195 1246 2264 εἰς
1270 2233 1311 2242 -
1336 2195 1373 2257 al.
1422 2191 1513 2268 Quod

286 2281 542 2364 praeferendum:
572 2281 720 2346 dicebant
747 2284 833 2346 enim
861 2282 963 2364 σοφὸς
991 2283 1122 2362 (δεινὸς)
1150 2285 1194 2353 εἴς
1220 2307 1247 2345 τι
1279 2285 1384 2366 polius
1417 2303 1513 2364 quam

196 2421 199 2426 .
286 2370 389 2453 σοφὸς
411 2371 493 2452 πρός
515 2394 549 2433 τι.

376 2459 451 2543 636,
477 2461 504 2523 1.
528 2460 559 2522 οἱ
580 2458 635 2530 τὰς
657 2461 767 2542 τέχνας
783 2461 811 2524 δ’
828 2460 961 2544 ἔχοντες]
986 2461 1069 2544 luge
1094 2463 1124 2524 οῖ
1145 2461 1200 2531 τάς
1215 2463 1325 2544 τέχνας
1347 2462 1513 2532 πλέκοντες

286 2549 353 2628 (vel
384 2549 576 2628 ἀσκοῦντες).
629 2549 672 2613 Of.
701 2550 768 2613 Ion.
795 2551 888 2612 1279.
921 2551 957 2612 έκ
995 2552 1106 2632 τέχνης
1141 2551 1253 2633 τέχνην
1290 2553 1359 2614 οἵαν
1396 2552 1511 2624 ἔπλεξε.

287 2637 487 2718 Quamquam
510 2639 604 2701 aliam
628 2640 739 2720 τέχνην
766 2640 847 2721 ἔχειν
875 2645 923 2702 est
949 2637 1058 2722 Eurip.
1082 2638 1189 2723 Suppl.
1215 2641 1287 2702 381.
1320 2639 1414 2723 Hipp.
1440 2641 1511 2703 670.

287 2727 369 2790 Med.
395 2729 467 2789 322.
560 2730 588 2789 2.
612 2728 646 2790 τό
670 2751 701 2790 τε
725 2727 785 2810 γάρ
814 2728 880 2808 (vul
903 2727 957 2790 καὶ
981 2728 1040 2810 γάρ
1067 2732 1124 2808 -)
1147 2729 1297 2792 Badham.
1348 2736 1402 2811 τῆς
1429 2753 1512 2811 φαυ-

286 2815 413 2898 λότητός
444 2839 476 2878 τε
508 2817 658 2897 (φαυλοτ,
691 2836 775 2900 supr.
807 2840 888 2879 πασε
916 2817 966 2896 A.)
998 2817 1079 2880 libri.
1134 2825 1188 2899 τῆς
1220 2819 1428 2901 φαυλότητος
1461 2819 1513 2881 καὶ

287 2905 404 2987 Musgr.
450 2904 473 2966 Ι.
491 2925 516 2967 θ.
540 2910 604 2968 τῶν
628 2905 783 2987 φαύλωνῗ
830 2905 873 2969 Cf.
895 2905 942 2968 Fr.
960 2906 1033 2988 642,
1058 2907 1086 2968 2.
1111 2907 1144 2969 ἐν
1166 2915 1213 2988 τῷ
1236 2907 1296 2990 γὰρ
1320 2907 1409 2990 ὄλβῳ
1432 2932 1513 2990 φαυ-

287 2993 379 3076 λότης
411 2993 509 3056 ἔνεστί
533 3017 584 3062 τις.
636 2993 698 3057 8οο
731 3013 843 3057 sensus
876 2995 1046 3058 admodum
1079 2995 1233 3059 obscurus
1265 3004 1320 3060 ust.
1372 2995 1453 3059 Furi
1476 3003 1513 3079 τῇ

287 3081 464 3164 φαυλότητι.
557 3084 584 3144 3.
613 3081 748 3166 κεῖσθαι]
774 3083 831 3158 Qu.
856 3090 959 3147 κεῖται.
1050 3085 1200 3167 δυστυχὲς
1215 3084 1287 3168 οὐκ]
1313 3085 1512 3168 δυστυχοῦντ’

287 3172 347 3234 οὐκ
370 3171 521 3235 Badham.
546 3171 627 3234 Fort.
653 3172 808 3255 δυστυχὴς
831 3173 859 3235 δ’
884 3174 902 3236 ὁ
925 3172 970 3254 μὴ
995 3174 1143 3256 εὐτυχῶν.

378 3260 451 3342 637,
478 3261 504 3322 l.
533 3260 797 3344 κυματοφθόρον]
826 3262 1072 3344 κυματότροφον
1104 3263 1228 3326 Ruhnk.
1267 3264 1513 3345 κυματόσττσρον

287 3350 366 3431 conj.
391 3347 510 3412 Nauck.
548 3349 658 3412 Malim
681 3351 943 3432 κυματόφθορον,
968 3353 986 3414 i.
1002 3371 1027 3414 ο.
1051 3372 1117 3434 pur
1139 3353 1283 3416 fluctus
1308 3359 1512 3436 vagantem.

286 3439 409 3520 Redde,
432 3438 654 3521 wandering
677 3459 767 3503 ovar
789 3441 850 3503 ihu
875 3460 1005 3504 πονου.
1046 3441 1089 3504 Cf.
1105 3463 1134 3502 v.
1151 3443 1376 3524 πολύφθορος,
1399 3443 1512 3506 Ausch.

288 3527 391 3590 Prom.
409 3527 481 3590 633.
499 3529 572 3590 820.
597 3527 688 3611 Soplr.
706 3527 754 3590 Fr.
771 3530 844 3592 499.
866 3535 898 3592 et
912 3529 983 3593 Hel.
1002 3530 1073 3592 780.
1098 3531 1185 3594 ἅλιον
1208 3531 1362 3613 ἐφθείρου
1385 3532 1512 3594 πλάνον.

332 3615 360 3679 2.
385 3617 454 3698 ὁρῶ
476 3616 530 3679 τὸν
547 3617 665 3700 ἀκταῖς]
687 3617 756 3699 ὁρῶ
773 3617 801 3699 γ’
819 3619 867 3680 ἐπ’
884 3619 992 3688 ἀκταῖς
1008 3619 1115 3682 Valek.
1141 3618 1199 3695 Qu.
1215 3621 1285 3702 ὁρῶ
1300 3619 1382 3702 πρὸς
1399 3621 1512 3690 ἀκταῖς.

333 3707 360 3768 3.
385 3706 536 3768 άλιαίετον
561 3707 643 3790 vulg.
733 3709 891 3789 χερσεύειν
905 3706 1019 3790 μόρος]
1045 3707 1242 3790 Suspectum.
1276 3706 1333 3783 Qu.
1357 3712 1513 3792 χερσεύειν

288 3795 462 3877 (χηρεύειν)
486 3797 599 3877 χρεών.
679 3797 707 3857 4.
732 3798 839 3859 ἀττατο
855 3796 935 3859 libri.
960 3799 1072 3860 ἔπτατο
1090 3798 1196 3861 llatth.
1277 3799 1305 3860 8.
1330 3800 1450 3862 οὔκουν
1466 3800 1513 3862 ud.

288 3885 348 3947 οὐκ
373 3881 431 3946 οὖν
453 3883 574 3947 Nauck.
599 3883 708 3948 Scribe
732 3885 859 3948 οὐκοῦν.
1510 3957 1514 3964 ,

377 3972 450 4035 639.
476 3971 505 4035 δ’
534 3974 717 4036 ombrist.
750 3973 828 4037 Ran.
855 3975 949 4036 1477.
986 3975 1096 4056 ibique
1129 3977 1224 4038 schol.
1253 3996 1313 4040 rec.
1426 3977 1513 4039 κάτω

287 4060 459 4144 νομίζεται]
493 4063 648 4142 νομίζεται
680 4065 805 4145 βροτοῖς
837 4063 927 4145 Diog.
951 4063 984 4127 L.
1024 4065 1068 4128 Cf.
1094 4065 1171 4146 830,
1197 4066 1223 4126 1.
1253 4067 1295 4136 τίς
1324 4064 1353 4128 δ’
1377 4065 1462 4129 οἶδεν
1489 4066 1517 4128 εί

288 4152 346 4232 ζῆν
368 4148 459 4213 τοῦθ’
484 4153 502 4213 ὃ
524 4152 670 4233 κέκληται
693 4153 811 4222 θανεῖν,
838 4148 841 4236 ]
865 4152 900 4214 τὸ
924 4155 981 4235 ζῆν
1006 4154 1040 4216 δὲ
1063 4155 1214 4236 θνήσκειν
1237 4155 1314 4230 ἐστί,Ι

380 4240 452 4302 640.
477 4239 554 4324 γάρ]
589 4239 618 4302 δ’
642 4241 679 4302 al.
704 4260 764 4302 um.
788 4241 826 4303 al.
860 4241 888 4322 γ’
913 4243 952 4305 ἀν
984 4241 1092 4306 Mam.
1117 4243 1198 4306 llari„
1233 4243 1262 4306 δ’
1290 4245 1337 4306 ἀν.
1434 4245 1513 4324 οἴκῳ

288 4327 357 4413 σόν]
382 4331 463 4410 οἴκῳ
486 4336 536 4410 oui
559 4335 643 4393 recte
662 4329 772 4392 Valck.
796 4333 896 4393 οἴκων
919 4336 987 4394 σῶν
1010 4334 1039 4408 (i.
1057 4352 1082 4396 e.
1106 4334 1209 4414 μάτην
1232 4335 1271 4395 ἂν
1293 4333 1366 4396 τάδε
1389 4333 1512 4395 ἀναλώ-

288 4420 383 4496 σειας)
407 4418 513 4482 Cobet.
542 4417 623 4482 Furi.
648 4417 737 4482 οῖκον
760 4419 824 4481 σόν.
937 4420 1019 4504 τόδ’]
1044 4421 1078 4484 τὸ
1103 4420 1131 4484 δ’
1156 4427 1187 4484 ut
1209 4420 1273 4503 τόγ’
1297 4423 1335 4485 ul.
1448 4419 1513 4484 τόδ’

288 4507 398 4590 ἐκβαίη
427 4506 529 4592 τέλος]
564 4506 621 4583 Qu.
650 4507 716 4571 τόδ’
745 4510 784 4570 ἂν
806 4510 879 4591 βαίη
914 4512 1015 4592 χρέος.
1053 4511 1096 4574 Of.
1120 4511 1214 4574 Herc.
1240 4511 1313 4574 530.
1347 4513 1376 4573 τί
1405 4509 1514 4573 καινὸν
