3320 5250
349 401 390 466 98
876 423 1042 468 cemimus.

438 581 510 665 150,
536 582 563 645 l.
586 583 642 665 τήν
663 606 711 646 τοι
735 583 826 664 δίκην
850 581 908 666 -]
937 582 982 646 cf.
1007 576 1153 646 Fr.'223.
1182 582 1239 664 τήν
1265 603 1312 644 τοι
1334 580 1427 663 δίκην
1449 579 1549 661 λέγουσι

346 670 433 733 παῖά’
457 669 534 734 εἶναι
557 671 685 754 χρόνον.
775 671 862 734 παῖδ’
886 669 963 734 εἶναι
986 670 1076 755 Διός]
1108 671 1195 734 παῖδ’
1219 668 1295 733 εἶναι
1322 669 1442 754 χρόνου
1465 669 1550 733 011011.

346 759 414 823 cod.
437 759 533 824 Vind.
561 761 648 844 prob.
677 761 912 843 Schneidewin,
945 760 1187 825 0011111223.
1300 761 1328 822 2.
1360 765 1415 842 τῆς
1446 761 1550 842 βροτῶν
1608 769 1612 780 ·

346 848 515 933 ἁμαρτίας]
545 848 602 925 Qu.
626 855 690 913 τῶν
717 852 844 934 βροτῶν
873 851 1045 933 ἁμαρτιῶν.
1135 850 1288 932 τιμωρίας
1310 847 1395 912 stou.
1419 847 1551 930 ἁμαρτίας

346 937 453 1002 Orion.
476 939 597 1004 Nauck.
643 939 728 1004 Illud
750 941 1000 1024 praeferendum.

436 1029 508 1112 151,
533 1031 561 1092 1.
586 1028 643 1105 Qu
660 1029 780 1112 ἀάηλον
794 1029 829 1092 τὸ
850 1028 1022 1110 ἀαιμύνιον,
1039 1029 1099 1110 οὐχ
1115 1028 1194 1110 ὁρᾷς
1199 1050 1210 1105 ,·
1227 1065 1282 1088 -.
1327 1027 1449 1091 Versus
1471 1026 1551 1088 dime-

344 1123 393 1182 ter
415 1118 619 1182 dcchmiecus
649 1119 748 1183 fuisse
780 1119 919 1202 videtur,
945 1158 969 1180 ..
983 1171 1005 1180 -
1020 1172 1042 1180 -
1072 1117 1108 1180 τὸ
1137 1117 1300 1198 δαιμόνιον
1328 1116 1388 1199 οὐχ
1416 1117 1503 1198 ὁρᾷς
1525 1121 1551 1175 11

344 1213 427 1270 etv.
452 1209 481 1270 2.
595 1209 623 1270 2.
655 1209 753 1290 μοίρα
782 1209 820 1272 Α.
848 1208 888 1270 V.
924 1207 1040 1290 μοίρας
1073 1206 1158 1270 Grct.
1192 1206 1290 1289 μοῖρά
1331 1229 1390 1268 σου
1422 1203 1550 1269 Fiitzsch

343 1301 461 1378 μοῖραν
484 1297 647 1379 (μοίραςῖ)
671 1297 710 1379 ἀὴ
736 1297 808 1370 ἀιεξ.
831 1297 937 1360 Herw.
984 1296 1094 1360 Malim
1113 1295 1200 1378 μοῖρ’
1217 1296 1304 1358 ἐστίν.
1395 1296 1424 1358 3.
1446 1293 1550 1375 στρέφει

345 1385 374 1448 δ’
390 1384 493 1448 ἄλλοτ’
509 1385 615 1449 ἀλλοο’
632 1385 761 1467 (Herm.)
777 1386 883 1450 Heriv.
911 1384 1057 1450 Fortasse
1072 1391 1166 1449 recte.
1257 1386 1300 1454 εἰς
1323 1383 1456 1468 ἁμέραν]
1478 1383 1550 1445 11111-

345 1475 458 1538 desum
490 1475 550 1540 hoc
582 1476 716 1540 videtur.
830 1475 944 1546 ἀλλους
975 1474 1057 1539 libri.
1090 1473 1197 1538 ἅλλοντ’
1220 1474 1329 1538 Ηοτω.
1362 1480 1394 1538 01
1420 1471 1550 1536 11111101.
1635 1513 1640 1541 .

344 1564 458 1634 ἀλλους
481 1564 528 1629 ed.
552 1563 673 1629 Nauck.
719 1563 830 1629 Malim
851 1562 963 1628 ἄλλοτ’.

434 1655 507 1737 152,
533 1655 560 1717 1.
588 1654 624 1718 τὸ
652 1652 681 1718 δ’
710 1652 906 1737 ἀπέκρυψαν]
934 1652 989 1718 τὸν
1018 1651 1047 1717 δ’
1075 1655 1205 1735 ἔρριψεν
1228 1651 1260 1716 F.
1282 1653 1318 1716 G.
1334 1651 1480 1716 Schmidt.
1508 1647 1549 1711 τὸν

344 1741 374 1804 d’
389 1743 500 1806 Valck.
539 1742 597 1819 Qu.
621 1743 675 1807 τὸν
691 1743 720 1808 d’
736 1751 792 1808 aut
807 1742 867 1806 οὐτ’.
959 1743 988 1805 2.
1012 1743 1141 1806 ἐκείνων
1167 1742 1250 1805 libn'.
1283 1743 1319 1805 ἐκ
1346 1743 1458 1804 κείνων
1480 1739 1549 1802 6101.

343 1831 379 1894 ἐκ
406 1833 548 1896 κτεάνων
576 1833 608 1896 F.
630 1833 665 1896 G.
687 1832 837 1897 Schmidt.
877 1830 935 1907 Qu.
959 1831 1108 1895 εὔκλειαν.
1198 1836 1263 1894 τῶν
1293 1854 1370 1893 ποτε
1401 1825 1549 1911 λαμττράιν]

343 1919 401 1996 Qu.
424 1927 489 1984 τῶν
510 1923 579 1984 τότε
601 1923 766 2004 λαμπρῶν.
1233 1955 1236 1962 ·

434 2011 504 2074 153.
528 2010 688 2095 πλούτων]
715 2012 850 2094 πότμων
872 2011 905 2076 F.
922 2011 958 2076 G.
975 2009 1125 2074 Schmidt.
1164 2009 1208 2074 cf.
1232 2009 1311 2074 Plet.
1336 2009 1428 2092 Gorg.
1453 2007 1508 2070 167
1523 2005 1549 2067 C.

343 2099 551 2181 ἠμφιεσμένοι
575 2135 618 2146 —-
642 2101 715 2183 γένη
739 2101 793 2164 καί
815 2101 979 2170 πλούτους.

433 2189 506 2270 154,
531 2189 558 2252 l.
581 2188 617 2251 τὸ
640 2190 719 2253 κατὰ
749 2197 807 2273 γῆν
829 2191 944 2272 τιμῶσί
970 2189 1041 2274 σου]
1074 2189 1142 2252 Imo
1174 2187 1209 2252 τὸ
1233 2186 1300 2270 (τά)
1328 2187 1407 2250 κατὰ
1430 2193 1484 2269 γῆς
1504 2219 1548 2241 -·-

343 2275 395 2340 Sic
418 2277 450 2340 F.
468 2277 503 2340 G.
521 2277 676 2362 Schmidt,
707 2279 743 2342 τὸ
766 2279 850 2362 σῶμ’
874 2280 1008 2350 ἅπαντες
1039 2279 1074 2342 τὸ
1106 2276 1185 2341 κατὰ
1219 2283 1278 2360 γῆν
1304 2277 1419 2358 τιμῶσί
1441 2299 1483 2338 τοι
1504 2272 1548 2354 (i).

342 2365 400 2442 Qu.
423 2365 458 2430 τὸ
482 2366 566 2449 σῶμ’
590 2369 724 2438 ἅπαντες
750 2369 785 2431 τὸ
813 2367 892 2432 κατὰ
921 2375 979 2452 γῆς
1005 2369 1120 2450 τιμῶσί
1143 2391 1217 2440 που,
1250 2366 1301 2430 vel
1328 2365 1363 2429 τὸ
1387 2363 1467 2448 σῶμ’
1487 2364 1547 2425 ἕκα-

341 2478 414 2526 στος
435 2455 470 2519 τὸ
498 2455 578 2520 κατὰ
607 2463 665 2541 γῆς
691 2463 783 2540 τιμᾶν
811 2457 895 2522 ὐέλει
918 2457 1032 2540 (φιλεῖ).
1078 2455 1275 2520 Herwerden
1298 2455 1357 2538 sie,
1389 2455 1428 2518 A.
1450 2452 1482 2516 τὸ
1502 2453 1549 2532 ζῆν

340 2546 459 2627 ἀφέντα
492 2569 527 2609 οε
554 2547 633 2610 κατὰ
662 2553 720 2630 γῆς
746 2547 858 2628 τιμῶο’
886 2549 970 2616 ἴσως.
991 2547 996 2630 Ι
1022 2545 1060 2609 Β.
1084 2545 1177 2609 κενόν
1201 2545 1242 2626 γ’·
1270 2545 1346 2608 ὐιαν
1369 2543 1429 2626 γὰρ
1452 2545 1548 2624 ipim,

341 2636 478 2717 εὐτυχεῖν
501 2637 607 2718 χρεών
630 2637 699 2718 (hcc
722 2656 748 2699 0.
773 2636 910 2720 11111181).
1001 2637 1030 2697 2.
1055 2635 1177 2717 εὐτυχεῖ
1196 2635 1302 2716 κρέων
1325 2633 1407 2696 libri.
1429 2631 1549 2712 εὐωχεῖν

340 2725 446 2807 χρεὼν
477 2724 595 2809 Musgr.
635 2724 692 2801 Qu.
717 2725 853 2808 εὐτυχεῖν
885 2725 970 2789 ὐέλει
1003 2727 1069 2808 (aut
1098 2723 1229 2806 πρέπει).
1279 2723 1382 2787 Alteri
1414 2736 1548 2806 pemcnec

340 2814 418 2876 hacc
441 2812 610 2878 hibuenda
632 2815 789 2878 videntur.
835 2815 925 2877 Idem
949 2815 1045 2878 sentit
1066 2813 1161 2877 Dind.

433 2902 532 2965 1560.
557 2902 727 2987 ἀμείβεται]
750 2903 833 2968 Fert
857 2904 1019 2967 ἀναίνεται.

431 2991 502 3054 160.
527 2991 585 3068 Qu.
608 2995 673 3056 νέοι
697 2995 822 3076 γέρουσι
838 2999 1005 3056 ουννοοῦοι
1020 2999 1164 3074 πανταχῆ
1188 2991 1248 3074 (vel
1268 2991 1359 3053 πάντ’
1375 2991 1443 3070 ἀεί).
1502 2985 1546 3047 τά-

339 3078 443 3164 φανῆ]
468 3079 664 3165 Suspectum.
710 3083 793 3146 Fert.
816 3082 871 3152 τάς
893 3083 1017 3164 κύπριν,
1041 3083 1080 3144 in
1103 3081 1216 3145 rebus
1238 3081 1422 3144 venereis.

431 3169 503 3252 162,
528 3172 556 3234 1.
589 3170 706 3254 ἀνδρὸς
739 3172 768 3235 d'
797 3169 950 3254 ἐρῶντος]
989 3170 1106 3254 ἀνδρὸς
1142 3171 1270 3252 ῥέοντος
1302 3169 1334 3232 F.
1357 3169 1393 3232 G.
1415 3163 1545 3232 Schmidt

384 3261 412 3322 2.
437 3257 634 3344 ἀφύλακτος]
668 3261 823 3330 ἀάύνατος
855 3262 948 3324 idem.
995 3261 1156 3340 ἄπρακτος
1188 3259 1308 3322 Nauck.
1336 3259 1441 3323 Herw.
1478 3254 1547 3318 Felt-

338 3348 470 3431 μάταιος
486 3349 538 3413 vel
553 3351 724 3432 ἄφρακτος.
815 3352 835 3432 ν]
854 3348 997 3433 τήρησις]
1021 3351 1040 3431 ἡ
1057 3349 1189 3430 φύλαξις
1205 3348 1325 3412 Nauck.
1409 3350 1437 3411 3.
1453 3343 1545 3426 000113·

338 3437 1016 3610 1111921111...ἀά1111ἀὲ11·
1041 3438 1264 3603 ‘iius‘ssiniidit
1279 3439 1387 3590 ...οὐ
1403 3432 1547 3588 ihi

338 3551 600 3700 ἡάίστηηνλαβεῖνῖ
622 3618 673 3681 vel
697 3550 741 3700 ἕῆν
765 3552 1041 3700 ²d’vdiunnccmiriu
1070 3552 1186 3698 xdcdcw
1214 3551 1475 3698 εὐρίούεινητφιλεῖ
1495 3543 1545 3691 (iel

339 3706 454 3769 εἴωθεν
477 3707 601 3790 λαβεῖν).

429 3795 501 3878 163,
527 3797 554 3857 l.
578 3795 696 3878 ἀνδρὸς
718 3797 812 3878 φίλου
837 3795 887 3879 δέ]
912 3795 1030 3878 ἀνδρὸς
1055 3795 1176 3877 ἀφνεοῦ
1198 3795 1304 3858 Herw.
1339 3785 1531 3876 ἀνωφελὴςύ

337 3883 455 3964 χρυσὸς
476 3921 518 3930 -
541 3880 545 3969 ]
567 3886 758 3967 κάχρηοτος,
791 3886 820 3948 εἰ
839 3885 885 3967 μὴ
913 3885 1049 3968 κάρετὴν
1072 3885 1156 3966 ἔχων
1183 3883 1288 3967 τύχοις
1311 3883 1344 3946 F.
1361 3883 1397 3946 G.
1414 3875 1544 3952 Schmidt·⁴

337 3973 441 4035 “Cum
467 3992 533 4035 non
561 3975 756 4057 intelligatur
784 3994 881 4056 quare
910 3975 1004 4037 amici
1037 3974 1235 4057 potissimum
1263 3991 1300 4036 ae
1327 3991 1394 4036 non
1420 3969 1542 4034 omnium

337 4063 466 4124 omnine
490 4063 654 4126 hominum
679 4064 807 4127 divitiae
831 4065 900 4127 sine
924 4064 1079 4147 sapientia
1100 4063 1230 4126 inutiles
1248 4062 1423 4126 dieantur.”
1466 4057 1543 4140 φίλον

337 4157 518 4235 suspectum
535 4152 629 4216 hebet
644 4152 765 4216 Nauck.
800 4152 882 4216 F01t.
906 4153 1117 4222 πλουτοῦντος
1140 4151 1265 4234 ἀνδρός.
1358 4152 1386 4214 2.
1410 4151 1437 4213 εἰ
1454 4147 1494 4232 μὴ
1509 4175 1541 4188 ”

335 4240 439 4325 τύχοι]
477 4243 506 4305 εἰ
534 4241 579 4325 μὴ
609 4277 650 4288 ·-
674 4243 751 4325 τύχη
786 4243 823 4304 ul.
873 4241 930 4318 Qu.
968 4245 1007 4324 ἢν
1045 4240 1090 4324 μὴ
1121 4279 1162 4288 -
1191 4242 1277 4324 τύχη.
1390 4227 1541 4323 ἀχρησϊθί]

336 4330 494 4414 ἄχρηστον
517 4331 622 4394 Herw.

426 4420 498 4503 164,
522 4422 551 4483 3.
575 4419 694 4503 codic]
712 4418 771 4494 Qu.
786 4421 900 4484 ἀλλων.
991 4420 1115 4484 ἀέύοιιιε
1129 4419 1231 4503 μηδὲν
1247 4413 1476 4501 ἐξαμαρτάνειν]
1494 4409 1540 4484 Qu.

336 4508 479 4572 ἀίάοικεν
502 4509 583 4571 ὥστε
605 4508 650 4594 μὴ
677 4509 902 4593 ’ξαμαρτάνειν
949 4509 1080 4591 Alioqui
1108 4509 1363 4572 subaudiendum
1392 4507 1448 4572 elit
1468 4502 1540 4564 ὥστε·
