3320 5250
685 436 850 482 rumrmm.
1320 418 1382 482 159

155 595 277 658 hostum
299 595 451 658 nominet
498 593 614 670 Quem
637 613 720 658 cum
743 595 943 676 misissent,
976 593 1169 658 remediatus
1192 594 1269 658 est.”
1315 594 1383 660 Me-

155 685 227 748 nuit
249 683 445 766 Bukhuyzen
469 683 508 748 de
531 683 668 748 Percdic
690 703 718 767 p.
743 684 816 746 200.
907 682 1060 766 θέλγεται]
1085 680 1143 758 Ωιι.
1167 684 1323 766 φέρβεται.

246 773 347 836 7279.
370 773 486 838 Nescio
510 791 552 838 en
580 773 675 836 etium
703 771 873 856 Euripides
902 773 1063 854 scripserit
1090 772 1235 854 ἔχθιστον
1257 773 1382 856 πλέκος,
1467 817 1469 822 ,

154 862 224 926 coll.
247 861 297 926 Nr.
323 862 395 926 714.

245 952 319 1034 728,
344 952 372 1015 1.
410 951 495 1034 φιλεῖ
522 975 568 1015 τοι
599 951 738 1034 πόλεμος
768 950 826 1034 -]
866 949 924 1026 Ωιι.
957 950 1042 1032 φιλεῖ
1071 950 1106 1014 ee
1136 973 1208 1020 πῶς
1240 951 1259 1014 ὁ
1290 949 1382 1015 πόλε-

153 1065 216 1122 μος
233 1077 288 1101 -.
389 1041 427 1104 οὗ
450 1039 541 1104 πάντ’
564 1039 713 1124 εὐτυχεῖν]
738 1041 777 1103 οὐ
799 1039 928 1104 πάντων
950 1045 1053 1122 τυχεῖν
1069 1039 1256 1124 Conington.
1290 1037 1382 1116 Quod

155 1135 345 1213 receperunt
359 1129 454 1194 Dind.
470 1129 591 1194 Nauck.
630 1129 683 1192 Nil
704 1135 822 1194 temere
838 1129 1027 1192 mutumdum
1042 1130 1176 1192 videtur.
1223 1129 1382 1195 Cerrectio

153 1221 277 1284 incerta
303 1225 358 1284 est.
409 1217 492 1284 Fert.
520 1220 559 1283 ού
586 1218 677 1283 πάντ’
705 1219 826 1300 ἐξαμᾶν
854 1221 925 1298 (aut
950 1218 1053 1282 simile
1081 1217 1231 1301 aliquid),
1261 1225 1316 1282 eut
1343 1220 1382 1282 οὐ

152 1309 274 1380 πάντας
295 1309 409 1391 λαχεῖν.
516 1310 545 1372 2.
568 1307 680 1392 χαίρει]
705 1307 763 1384 Ωιι.
787 1309 914 1390 χαίρειν,
937 1314 969 1372 et
991 1327 1068 1371 mox
1090 1313 1190 1390 μισεῖν
1212 1327 1269 1391 pro
1291 1314 1381 1392 μισεῖ.

197 1397 376 1482 πτώμασιν]
401 1396 458 1474 Ωιι.
482 1399 634 1480 σώμασιν.

245 1487 318 1550 731.
342 1488 402 1551 οὐκ
430 1489 491 1550 ἔστι
518 1493 663 1569 κρεῖσσον
688 1485 746 1570 -]
776 1485 819 1550 cf.
844 1484 919 1550 Her.
944 1488 1017 1549 232.
1044 1484 1129 1549 ταῦτ’
1156 1487 1218 1550 ίστλ
1244 1487 1381 1570 κρείσσω

152 1576 238 1658 πλὴν
261 1574 316 1638 ὁπ’
335 1575 485 1659 Ἀργείοις
507 1581 619 1640 πεσεῖν.
709 1575 786 1639 ἄλλο
809 1575 903 1659 πλήν]
928 1574 985 1652 Ωιι.
1010 1575 1104 1638 οὐθὲν
1127 1575 1156 1657 ἤ.

245 1666 318 1728 732.
334 1666 430 1748 ῥώμη
448 1665 484 1728 ὁέ
498 1663 536 1749 τ’]
553 1665 648 1748 ῥώμη
666 1663 726 1747 γὰρ
739 1665 851 1728 Blomf.
865 1665 904 1728 ad
917 1663 1000 1748 Sept.
1014 1666 1087 1726 212.
1104 1670 1135 1729 ct
1147 1663 1179 1727 F.
1189 1662 1380 1729 G.Sehmidt

152 1755 250 1837 ῥώμη
287 1754 323 1818 ὁέ
356 1753 384 1836 γ’
417 1753 525 1818 Matth.
575 1753 681 1818 Recte.
727 1753 876 1838 Anglice‚
908 1773 988 1837 yos,
1024 1755 1095 1817 und
1124 1755 1297 1838 strength
1325 1791 1380 1816 -.

152 1843 263 1908 Verba
285 1844 505 1928 respondentis
529 1843 671 1926 alicujus

245 1934 318 2015 733,
340 1935 366 1996 1.
391 1931 472 1996 Fert.
487 1939 551 2003 τοῖς
566 1940 641 1996 πᾶσι
657 1933 785 2016 θνητοῖς
800 1933 968 1996 κατθανεῖν
984 1931 1144 2014 ὀφείλεται.
1229 1934 1257 1995 2.
1273 1932 1382 1998 κοινὸν

152 2021 194 2106 θ’]
219 2022 334 2092 πάντες
357 2022 387 2085 θ’
410 2024 490 2104 conj.
514 2022 635 2086 Nauck.
728 2023 756 2084 3.
780 2021 815 2085 τὸ
839 2021 900 2104 γὰρ
922 2021 1028 2104 χρεὼν
1050 2022 1111 2085 οὐκ
1134 2023 1196 2084 ἔστι
1210 2022 1256 2105 μὴ
1276 2023 1382 2104 χρεὼν

150 2117 252 2175 ποιεῖν
280 2113 360 2194 conj.
384 2112 482 2195 idem,
506 2130 606 2192 quum
629 2111 779 2174 vitiosum
805 2112 847 2175 sit
868 2111 973 2194 χρεὼν
996 2111 1260 2193 monosyllabum.
1306 2112 1381 2175 Nor-

151 2207 235 2265 rasse
259 2202 373 2271 πάντες
395 2207 578 2285 corruptum
595 2205 700 2265 estex
723 2206 830 2264 ποιεῖν.
870 2201 913 2264 Of.
931 2199 1035 2284 adosp.
1053 2201 1126 2264 301.
1149 2200 1185 2262 τό
1208 2225 1254 2264 τοι
1276 2201 1381 2284 χρεὼν

151 2291 212 2354 οὐκ
236 2291 299 2354 ἔστι
321 2289 366 2372 μὴ
390 2289 495 2373 χρεὼν
518 2296 625 2353 ποιεῖν.
648 2290 742 2354 Herc.
768 2291 840 2352 311.
869 2291 887 2352 ὁ
910 2289 971 2372 χρὴ
997 2289 1057 2372 γὰρ
1081 2289 1183 2359 οόὸεῖς
1205 2291 1251 2372 μὴ
1275 2291 1381 2372 χρεῶν

150 2379 243 2462 θήσει
272 2380 356 2442 ποτέ.
468 2379 503 2442 τὸ
530 2379 575 2461 μὴ
604 2378 721 2462 χρεών]
750 2379 794 2442 ef.
819 2377 867 2441 Fr.
892 2380 966 2460 494,
990 2381 1018 2441 3.
1050 2378 1106 2461 τὴν
1132 2385 1249 2461 μοῖραν
1276 2381 1319 2450 εἰς
1345 2379 1381 2443 τὸ

150 2469 195 2552 μὴ
220 2468 329 2551 χρεὼν
350 2469 594 2551 παραστρέφῶν.
1124 2479 1126 2484 ’

243 2557 317 2640 734,
342 2557 369 2620 1.
393 2555 466 2641 κᾶν]
490 2555 699 2621 Scribendum
723 2557 792 2640 κῆ.

244 2647 317 2730 735,
343 2645 370 2708 1.
394 2647 428 2710 ἐν
451 2646 559 2730 φόβῳ]
585 2645 642 2722 Ωιι.
666 2647 853 2728 πενόμενος,
877 2653 932 2709 aut
955 2647 1128 2728 ὁνστνχῶν,
1219 2647 1248 2708 2.
1271 2646 1381 2730 λαβὼν

151 2735 186 2798 ὁὸ
217 2735 337 2819 μικρὸν
368 2742 422 2817 τῆς
453 2735 565 2820 τύχης]
597 2736 706 2819 λαχὼν
736 2775 776 2782 -
803 2735 835 2798 F.
860 2736 895 2798 G.
920 2734 1070 2798 Schmidt.
1110 2735 1254 2799 Fortmse
1286 2741 1380 2800 recte.

194 2824 316 2908 φυχῆς]
340 2826 436 2907 τύχης
460 2825 589 2889 Gesner.

244 2915 318 2996 736,
342 2915 370 2976 2.
395 2911 443 2978 ῶν
466 2915 562 2997 ἐχρῆν
585 2914 691 2998 φίλου]
716 2913 773 2990 Ωιι.
798 2915 844 2984 ὡς
867 2915 964 2996 ἐχρῆν
992 2913 1102 2996 φίλων.
1199 2917 1227 2977 3.
1257 2914 1380 2979 δάνειον

151 3002 181 3065 θ’
204 3003 288 3066 libri.
321 3004 454 3066 σπάνιον
477 3002 506 3066 θ’
531 3005 660 3068 Gesner.
693 3005 825 3066 σπάνιον
850 3003 969 3067 Nauck.
1069 3005 1098 3064 4.
1122 3003 1194 3087 κᾶν]
1219 3001 1283 3068 Sor.
1310 3006 1379 3086 κῆν.

195 3093 321 3174 ὁμόθεν
344 3089 415 3175 ῶσι]
439 3092 483 3155 cf.
508 3091 601 3175 Soph.
617 3091 664 3156 El.
684 3092 754 3156 156.
779 3093 826 3162 οίς
848 3093 971 3174 ὁμόθεν
994 3091 1023 3155 εί
1042 3093 1096 3155 καλ
1119 3101 1198 3174 γονᾷ
1221 3094 1379 3175 ξύναιμος.

151 3181 225 3245 Ειιι.
252 3181 305 3244 Or.
329 3181 403 3243 486.
430 3181 484 3244 τὸν
512 3182 634 3263 ὁμόθεν
661 3187 760 3263 τιμᾶν.
789 3181 856 3266 Iph.
881 3183 918 3244 Α.
944 3182 1017 3244 501.
1045 3181 1099 3244 τὸν
1127 3183 1250 3264 ὁμόθεν
1277 3207 1378 3264 πεφει-

151 3271 228 3333 κότσ
250 3271 255 3354 ]
277 3272 414 3353 στέργειν
506 3273 533 3332 5.
558 3271 602 3334 ef.
626 3271 701 3334 Nur.
718 3271 767 3334 Fr.
784 3273 856 3334 458.
881 3270 981 3340 αἰὸῶς
1004 3271 1038 3333 ἐν
1061 3271 1256 3353 ὀφθαλμοῖσι
1281 3273 1379 3354 γίγνε-

149 3384 210 3434 ται,
234 3361 355 3423 τέκνον.
380 3359 461 3424 Med.
486 3361 559 3422 219.
589 3361 660 3442 ὁίκη
690 3360 750 3442 γὰρ
775 3361 834 3423 οὐκ
858 3360 953 3423 ἔνεστ’
977 3361 1011 3423 ἓν
1039 3361 1222 3443 ὀφθαλμοῖς
1244 3363 1379 3443 βροντῶν.

151 3450 247 3513 Arist.
273 3449 368 3531 Vesp.
392 3450 465 3512 447.
498 3449 578 3536 ,οὐδ’
610 3451 644 3512 ἐν
676 3450 890 3532 ὀφθαλμοῖσιν
926 3449 1026 3519 σίὸὼς
1062 3451 1096 3531 (i.
1118 3469 1143 3513 o.
1176 3451 1281 3532 χάρις]
1315 3455 1380 3512 τῶν

152 3540 298 3602 παλαιῶν
321 3537 481 3621 ἐμβάδων.
584 3539 613 3600 6.
637 3539 712 3601 ὁταν
734 3563 779 3608 τις
802 3539 838 3602 ἐκ
862 3539 975 3621 ὁόμων
998 3539 1080 3621 ἀνὴρ
1103 3539 1188 3621 θάνῃ
1212 3540 1314 3602 codex
1338 3537 1379 3601 Μ.

151 3627 225 3691 ὅταν
256 3665 297 3672 -
327 3627 440 3710 ὁόμων
467 3628 545 3710 ἔλθη
574 3629 678 3692 ceteri.
718 3629 793 3691 ὅταν
819 3653 863 3698 τις
890 3627 1040 3691 ἔκποὸὼν
1063 3627 1144 3710 ἀνὴρ
1173 3635 1260 3712 φανῇ
1288 3629 1320 3691 N.
1343 3629 1378 3692 G.

151 3713 302 3780 Schmidt.
336 3716 394 3793 Ωιι.
420 3754 460 3762 -
484 3717 629 3799 φροῦδος
651 3719 745 3800 θάνῃ.
781 3717 825 3780 Of.
850 3716 898 3780 Fr.
925 3718 1018 3781 1066.
1043 3717 1135 3800 Soph.
1160 3719 1208 3800 Α]
1236 3718 1319 3780 1266
1333 3739 1378 3800 sq.

152 3803 283 3870 Stesich.
307 3805 356 3869 Fr.
382 3808 432 3869 52.
468 3806 615 3870 Genuina
638 3807 736 3870 verba
758 3808 889 3890 periisse
913 3808 1092 3890 suspicetur
1115 3806 1234 3870 Nauck.

241 3896 316 3977 738,
342 3896 368 3958 1.
391 3895 517 3978 ἆνὸρες]
546 3896 628 3958 Viri
652 3897 836 3979 emphatice.
883 3894 941 3971 Qu.
969 3895 1079 3958 πολλοί
1107 3901 1239 3977 γεγῶτες
1266 3897 1380 3980 ἄνδρες

154 4021 192 4028 -
222 3985 379 4057 ὁείξοιισιν
405 3985 520 4054 αὑτοὺς
547 3989 611 4047 τῶν
639 3991 751 4048 κακῶν
777 3987 945 4067 παρουσίᾳ.
997 3986 1040 4049 ef.
1064 3986 1103 4047 ed
1128 3987 1219 4069 Seph.
1245 3986 1321 4050 eeu.
1346 3988 1378 4050 G.

157 4074 247 4136 1742.
273 4073 347 4138 Am
364 4074 437 4138 271.
522 4077 550 4138 2.
568 4074 711 4146 ὁείξωσιν
727 4075 807 4138 libri.
833 4075 986 4146 ὁείξσυσιν
1003 4081 1086 4138 recte
1103 4073 1211 4139 Matre.
1241 4075 1379 4140 Solcnne

153 4163 274 4226 vitium.
292 4161 483 4226 OtudNub.
499 4165 571 4226 739.
639 4164 754 4234 αὐτοὺς
766 4163 847 4226 libri.
871 4163 985 4233 αὖτοὺς
1004 4163 1119 4246 Musgr.
1187 4171 1251 4227 τῶν
1266 4171 1379 4230 κακῶν

153 4251 290 4335 ἐξουσίᾳ]
315 4253 475 4338 Propter
503 4253 684 4316 malorum
713 4254 930 4336 potentium.
982 4253 1025 4316 of.
1052 4253 1098 4316 Nr.
1124 4254 1197 4336 645,
1222 4256 1250 4317 3.
1274 4256 1378 4336 παρά-

154 4339 253 4424 δειγμ’
277 4343 406 4425 ἔχοντας
428 4347 492 4406 τῶν
515 4347 628 4406 κακῶν
651 4343 803 4414 ἐξουσίαν.

244 4431 316 4514 739,
340 4433 368 4494 2.
401 4433 464 4514 ἔχει
496 4431 666 4514 φρόνησιν]
706 4433 768 4514 ἔχει
800 4430 826 4493 τ’
858 4433 967 4513 ὄνησιν
1005 4431 1035 4496 l'.
1061 4433 1095 4496 G.
1120 4431 1275 4514 Schmidt,
1308 4433 1377 4496 coll.

154 4516 234 4582 ileu.
259 4520 331 4584 618.
360 4521 474 4584 Bacch.
499 4522 572 4584 473.
612 4518 669 4596 Ωιι.
699 4521 829 4604 δόκησιν
857 4523 940 4604 (iq.
970 4521 1097 4602 θίξιν),
1126 4521 1175 4584 vel
1204 4524 1296 4604 τιμήν
1323 4521 1378 4585 τιν’
