3320 5250
327 405 389 468 132
856 425 1022 470 nunnmm.

325 581 407 646 Fort.
431 583 526 664 φύσιν
549 583 580 664 (i.
597 601 625 664 q.
649 582 717 646 ίδέα
736 584 756 662 ].
867 583 896 646 2.
919 581 1047 666 τιμῶσι]
1071 583 1198 664 θηρῶσι
1220 581 1423 666 probabiliter
1446 581 1539 646 Horu.

370 670 452 754 πρὸς
474 673 594 736 τέκνων
616 669 721 755 χάριν]
745 669 803 746 Qu.
826 671 908 754 πρὸς
930 673 1050 736 τέκνων
1073 672 1205 754 σποράν.

415 779 489 861 411,
515 778 542 841 1.
566 779 704 861 ἀμουσία
726 777 785 864 τοι]
809 777 893 862 Lego
917 777 1054 860 ἀμουσία
1080 777 1141 841 ἀτί.

415 869 488 930 412.
512 868 546 931 ἐν
578 868 693 932 ἐλπίσιν
722 905 763 912 -
792 869 873 950 ἔχειν
904 866 986 951 βίον]
1016 905 1058 913 -
1086 868 1172 949 ἄγειν
1202 869 1273 951 βίον
1304 867 1440 948 inquirit
1466 867 1496 930 F.
1511 865 1540 928 G.

326 957 480 1040 Schmidt,
504 957 573 1020 coll.
598 958 677 1022 Plat.
702 956 795 1040 chg.
819 957 874 1020 IV.
901 957 1015 1020 71811.
1039 957 1073 1020 έν
1096 957 1212 1020 ἐλπίσιν
1234 957 1371 1038 δγαδοῖς
1394 956 1541 1038 διάγοντες

325 1045 360 1109 τδ
393 1046 501 1125 (cdvi)
538 1047 681 1110 πλεῖστον
716 1053 772 1108 τοῦ
804 1047 886 1128 βίου.
919 1045 1048 1108 Lucicn.
1076 1046 1167 1108 Asin.
1196 1046 1247 1108 47.
1280 1046 1334 1108 τὸν
1364 1046 1436 1128 βίον
1467 1045 1541 1126 εἶχον

325 1133 416 1218 (ἦγον
440 1134 592 1213 Schmidt)
626 1136 659 1198 ἐν
690 1135 793 1218 ἡδονῇ
821 1141 878 1198 ctc.
924 1136 1017 1198 Addo
1050 1133 1142 1218 Soph.
1167 1136 1241 1198 Ant.
1265 1135 1338 1198 891.
1371 1135 1404 1198 έν
1437 1135 1542 1198 ἐλπίσιν

324 1227 442 1306 τρέφω.
489 1223 541 1288 Sic
565 1224 670 1308 ἡδέως
691 1225 762 1307 βίον
785 1225 870 1307 ἄγειν
894 1224 980 1306 Cyol.
1005 1225 1078 1287 453.

414 1314 489 1397 413,
514 1315 542 1376 1.
565 1319 670 1378 πᾶσαν
694 1315 783 1396 ἡνίαν
806 1312 899 1397 χάλα]
924 1313 968 1377 of.
993 1313 1115 1377 Charet.
1139 1319 1216 1397 trag.
1240 1313 1288 1376 Fr.
1316 1315 1342 1395 l,
1369 1314 1395 1375 1.
1419 1311 1542 1394 γαστρὸς

326 1403 361 1466 δὲ
384 1408 485 1484 πειρῶ
508 1408 613 1466 πᾶσαν
636 1404 726 1486 ἡνίαν
749 1409 880 1486 κρατεῖν.

315 1543 317 1548 ·
415 1511 488 1592 414,
515 1511 541 1572 1.
565 1508 632 1592 ἐᾶν]
660 1515 761 1592 περᾶν
789 1511 837 1590 (Ρ)
861 1509 970 1573 Vulci.
994 1509 1075 1590 (coll.
1098 1509 1191 1592 Hipp.
1217 1509 1310 1590 645.).
1339 1510 1442 1592 νέμειν
1467 1515 1542 1572 recto

325 1597 421 1662 Dobr.
446 1598 551 1662 Horw.
575 1598 604 1660 α’
628 1599 706 1662 ἑλεῖν
729 1597 863 1662 Lobeck.
886 1598 1078 1680 προσπολεῖν
1101 1599 1156 1660 ἐᾶν
1179 1597 1297 1680 Musgr.
1314 1599 1428 1680 Bergk.
1451 1620 1541 1680 προο-

325 1687 432 1750 πσλεῖν
448 1688 503 1768 νέᾳ
520 1687 708 1770 Conington.
725 1688 765 1751 ud
782 1689 943 1752 (31111574.
982 1686 1040 1763 Qu.
1063 1688 1169 1770 λαβεῖν
1193 1693 1249 1750 aut
1263 1688 1349 1750 ἑλεῖν.
1439 1689 1466 1750 2.
1491 1685 1542 1762 Qu.

325 1778 390 1858 ήτις
412 1775 449 1838 τὰ
472 1776 531 1857 μέν
555 1777 660 1840 δίκαια
682 1777 728 1859 μὴ
745 1779 913 1859 σιγήσεται,
937 1776 940 1863 ]
962 1775 1046 1839 τὰδ’
1070 1775 1184 1859 αἰσχρὰ
1199 1778 1321 1861 μισήσει
1342 1775 1410 1840 κατ’
1426 1775 1541 1858 δαιδαλ-

324 1865 407 1948 μοὺς
430 1865 535 1946 λέγειν.
641 1865 811 1950 σιγήσεται]
840 1873 911 1950 σιγῇ
934 1868 1030 1947 στέγει
1053 1865 1085 1929 F.
1103 1865 1139 1928 G.
1156 1865 1305 1930 Schmidt.
1330 1866 1423 1929 Annl.
1445 1887 1472 1950 p.
1491 1866 1542 1944 74,

325 1954 395 2018 coll.
419 1955 511 2038 Soph.
536 1954 612 2018 Ocd.
635 1953 672 2017 R.
697 1956 769 2017 341.
861 1957 889 2017 3.
912 1953 1010 2039 μισεῖ]
1033 1956 1115 2037 μίσει
1139 1953 1318 2038 Conington
1341 1955 1422 2036 (ccli
1438 1954 1543 2018 Aesch.

326 2041 374 2106 Fr.
404 2045 477 2125 297,
502 2045 550 2122 9.).
567 2049 674 2126 ,μισεῖν
696 2043 802 2108 Horu.
842 2045 895 2107 An
918 2045 1055 2126 κριῖψειί
1146 2043 1219 2128 ἔχει]
1244 2045 1310 2126 ἐρεῖ
1325 2043 1421 2108 Dobr.
1437 2044 1542 2126 Bergk.

325 2131 439 2216 Engcr.
464 2132 570 2196 Horw.
594 2135 683 2215 ψέγει
715 2132 748 2196 F.
773 2133 809 2196 G.
835 2133 984 2197 Schmidt
1033 2131 1091 2208 Qu.
1124 2134 1230 2215 λέγειν.
1280 2132 1342 2198 Vel
1378 2133 1431 2196 καὶ
1457 2133 1543 2212 (κού)

324 2221 392 2283 κατ’
417 2221 609 2303 ὀφθαλμοὺς
632 2222 701 2303 ἐρεῖ.
792 2222 861 2284 κατ’
886 2221 1089 2306 ὀφθαλμοὺς]
1114 2223 1261 2305 Anglioo,
1285 2228 1320 2286 to
1344 2242 1439 2304 your
1459 2222 1542 2285 foco.

326 2309 369 2373 of.
395 2311 490 2374 Arist.
514 2311 593 2374 Rnn.
619 2312 691 2374 626.

414 2419 488 2498 415,
513 2419 541 2481 2.
564 2423 683 2501 μικροῦ
707 2417 768 2500 γὰρ
792 2420 827 2481 ἐκ
851 2418 1035 2502 λαμπτῆρος
1052 2417 1111 2502 -]
1138 2417 1182 2483 of.
1205 2419 1302 2482 Arist
1325 2419 1404 2482 Ach.
1429 2419 1490 2482 920
1502 2437 1543 2498 sq.

365 2506 480 2571 Ἰδαῖον
512 2505 624 2591 λέπας]
662 2507 706 2571 Cf.
736 2508 850 2572 Aosch.
879 2509 937 2590 Ag.
968 2509 1040 2571 283.
1072 2507 1154 2591 πρὸς
1186 2507 1443 2591 Ἑρμαῖονλίπας.
1475 2507 1543 2568 298.
1652 2515 1653 2528 ’

324 2596 406 2678 πρὸς
429 2595 635 2678 Κιθαιρῶνος
658 2597 761 2668 λέπος.
856 2599 884 2659 3.
908 2597 979 2681 κᾶν]
1004 2597 1154 2679 καὶπρὸς
1176 2596 1267 2678 ἄνδρ’
1283 2597 1383 2661 εἰπὼν
1398 2597 1450 2660 ἕνα
1465 2595 1543 2659 Plut

324 2688 385 2749 κᾶν
412 2685 494 2766 πρὸς
521 2687 576 2749 ἕνα
600 2689 698 2756 εἴποις
725 2685 801 2749 noti
825 2685 909 2750 Stob.
933 2689 993 2768 χᾶν
1017 2687 1085 2766 (καὶ
1114 2689 1135 2750 ἃ
1158 2688 1211 2768 ἄν]
1243 2685 1326 2768 πρὸς
1349 2685 1439 2768 ἄνδρ’
1461 2686 1545 2766 εῖπῃς

325 2776 379 2837 ἕνα
407 2775 541 2838 fclioitor
555 2776 662 2839 Hcrw.
709 2775 817 2838 hialim
840 2777 891 2838 κεί
910 2775 993 2858 πρὸς
1015 2773 1106 2857 ἄνδρ’
1122 2777 1220 2845 εἴποις
1231 2777 1294 2839 ἕνα.
1340 2775 1459 2839 Eadem
1474 2793 1544 2837 oon·

325 2865 455 2926 structio
489 2871 537 2927 cst
568 2865 682 2927 Acsch.
711 2863 785 2928 Cho.
811 2866 885 2928 520.
918 2866 1013 2928 Arist.
1039 2865 1089 2928 Fr.
1114 2866 1186 2929 509.
1299 2867 1328 2927 4.
1357 2867 1376 2926 d
1405 2865 1544 2946 κρύπτειν

324 2952 441 3103 itti
458 2977 537 3104 δεῖ
559 2977 720 3123 ituit,
750 2953 1085 3106 audibruid'ssifw
1102 2954 1303 3107 cciiii.
1318 2953 1447 3124 itti.
1469 2953 1545 3124 iiii

325 3129 385 3211 γὰρ
413 3129 467 3192 τὸν
495 3131 681 3213 εὐτυχοῦνθ’
710 3131 755 3196 δτι
779 3135 826 3212 (Z)
849 3132 992 3202 πλείστας
1019 3134 1107 3214 ἔχειν.
1220 3132 1307 3196 ἀστοί
1329 3130 1454 3215 πάντες]
1476 3129 1544 3212 Log.

325 3219 411 3282 ἆστοὶ
435 3220 554 3290 πάντες.

414 3327 488 3408 416,
514 3328 541 3389 l.
565 3327 641 3390 εἰδὲ
657 3326 813 3411 βούλεται]
838 3325 896 3403 Qu.
913 3329 942 3390 εί
956 3327 990 3390 δὲ
1005 3329 1148 3410 τυγχάνει
1165 3327 1235 3410 (sub
1252 3329 1319 3408 ὥν).
1394 3329 1422 3390 3.
1446 3327 1546 3409 φόβον

324 3415 509 3499 παρελθών]
534 3413 592 3490 Qu.
616 3418 721 3498 φόβον
744 3418 878 3500 παριείς,
902 3423 1041 3480 motum
1065 3418 1270 3482 dimittens.

416 3506 489 3587 417,
514 3506 543 3567 2.
568 3505 611 3568 of.
635 3507 749 3570 Acooh.
775 3506 849 3570 Cho.
868 3508 939 3569 582.
964 3512 1061 3589 σιγῶν
1084 3505 1119 3569 o’
1142 3507 1225 3570 ὅπου
1250 3508 1299 3570 δεῖ
1318 3506 1372 3569 καὶ
1394 3507 1489 3588 λέγειν
1509 3502 1544 3565 τὰ

323 3594 438 3674 καίρια.
553 3595 580 3656 3.
606 3595 666 3679 δεῖ]
696 3595 756 3677 χρὴ
786 3596 824 3658 ai.
871 3593 962 3670 Quod
995 3597 1244 3679 praeferendum.
1291 3594 1392 3679 ὅπου]
1424 3596 1486 3676 ὅπῃ
1507 3592 1545 3654 ah

368 3683 479 3764 πρέπει
503 3681 609 3746 Orion.
642 3685 748 3766 χρεὼν
771 3684 855 3748 Stob.
879 3686 1002 3766 πρέπον
1026 3687 1106 3769 conj.
1130 3685 1250 3750 Nauck.
1341 3687 1370 3748 4.
1393 3691 1457 3754 τοῖς
1477 3679 1545 3766 μέν]

323 3777 388 3833 τῶν
418 3771 478 3852 μὲν
506 3773 544 3834 al.
592 3772 682 3848 Quod
714 3781 859 3856 praestat
972 3776 1006 3837 ἕν
1033 3782 1176 3839 κακοῖσιν
1204 3773 1268 3857 ῶν]
1301 3771 1360 3849 Qu.
1384 3775 1417 3837 ἕν
1439 3777 1546 3839 κακοῖς

324 3861 428 3942 ἄμαις,
453 3861 504 3924 vel
528 3862 561 3924 έν
586 3863 697 3944 δόμοις
720 3863 839 3945 πατρός
862 3864 922 3944 (voi
939 3865 1080 3944 τοκέων).
1119 3871 1243 3946 κρατεῖν
1267 3863 1302 3926 δὲ
1326 3861 1467 3946 γαστρὸς,
1488 3861 1546 3923 κᾶν

324 3949 385 4031 γὰρ
414 3951 447 4012 έν
475 3957 618 4014 κακοῖσιν
646 3949 675 4014 ὠ
703 3952 853 4015 ΒιιιΙΙιαιιι.
885 3953 984 4016 Proct'.
1009 3954 1075 4036 Iph.
1098 3953 1130 4016 Τ.
1176 3953 1260 4035 Logc
1292 3959 1416 4035 κρατεῖν
1447 3975 1478 4014 τε
1492 3985 1546 4007 -.

324 4041 372 4102 ὢν
396 4039 434 4102 dc
458 4041 590 4103 mulicrc
620 4041 739 4104 dictum
767 4061 834 4104 non
862 4042 1023 4105 sollicitum
1053 4041 1167 4107 dcberc
1196 4048 1306 4106 ccnsct
1327 4042 1452 4124 Nauck,
1479 4037 1544 4103 coll.

324 4127 418 4191 Dind.
443 4129 482 4190 ad
507 4129 600 4212 Hipp.
627 4130 720 4192 1105.
766 4130 838 4213 Ipso
863 4131 953 4194 alitor
977 4133 1087 4194 sentio,

413 4236 487 4318 419,
513 4237 540 4298 2.
568 4235 688 4318 μολεῖν]
723 4235 780 4310 Qu.
804 4237 910 4300 πελᾶν.
1025 4241 1052 4301 3.
1085 4240 1256 4321 καρπίμοις
1281 4275 1321 4284 -
1346 4237 1471 4321 φυτοῖς]
1500 4233 1544 4296 Cf·

324 4325 420 4389 Arist.
446 4325 539 4408 Vosp.
565 4326 637 4389 264.
665 4330 730 4387 τῶν
763 4327 934 4407 καρπίμων
963 4328 1036 4390 ἄττα
1064 4330 1109 4410 μή
1136 4327 1189 4392 ’στι
1216 4336 1322 4410 πρῷα.
1434 4329 1463 4389 4.
1484 4328 1545 4390 τοῖς

323 4414 383 4495 μέν
407 4453 447 4460 -
471 4419 537 4477 τῶν
565 4414 616 4497 δέ]
650 4413 708 4489 Qu.
732 4421 796 4483 τοῖς
817 4415 877 4497 μὲν
902 4453 941 4460 -
966 4422 1029 4486 τοῖς
1054 4417 1088 4480 δὲ
1113 4455 1167 4490 -,
1201 4419 1252 4482 vol
1283 4425 1330 4500 τῷ
1357 4418 1416 4501 μέν
1438 4453 1479 4460 -
1499 4417 1546 4491 τῷ

325 4502 360 4565 δὲ
385 4541 439 4566 -.
554 4505 581 4567 5.
606 4503 663 4579 Qu.
692 4501 808 4573 καῦθις
836 4506 959 4576 αὔξεται
987 4507 1088 4579 πάλιν,
1121 4509 1172 4571 να]
1204 4508 1423 4571 κᾶποκλίνεται
1447 4502 1543 4568 πάλιν.
