3320 5250
263 406 325 470 158
788 425 954 470 mauram.

260 607 294 665 γε
310 583 358 647 ed.
374 583 482 656 νόσον,
508 589 543 646 ut
565 583 704 666 videtur,
726 583 808 646 libri.
900 585 929 646 2.
953 581 1060 664 σμίκρ’
1079 581 1130 666 ἄν]
1153 580 1241 665 μίκρ’
1265 585 1317 655 ἂν,
1341 580 1486 664 σμικράν,

260 679 315 736 aut
331 671 449 754 μικράν
471 672 553 735 libri.
646 675 674 736 3.
698 672 806 756 οἰκεῖν]
832 670 889 748 Qu.
913 671 998 736 εἶναι.

350 779 422 862 769,
449 780 475 841 1.
500 781 561 842 ούκ
589 780 651 862 ἄρα
679 778 762 842 Plut.
792 780 830 842 οὐ
860 779 919 860 γάρ
944 776 1029 842 Sub.
1058 779 1118 842 ούκ
1143 776 1194 860 ἆρ’
1217 777 1328 841 Valck.
1358 777 1396 840 ού
1420 774 1486 858 τᾶρ’

259 866 390 932 Porsen.
414 869 534 932 Nauck.
633 870 661 931 2.
685 869 773 950 χρεία
798 868 938 931 διδάσκει
962 905 1003 912 -
1028 866 1143 951 σοφόν]
1173 867 1218 931 uf.
1241 867 1317 930 Eur.
1341 865 1388 930 nl.
1414 866 1486 929 375.

261 957 328 1020 ἀλλ’
352 959 416 1040 ἔχει
447 957 543 1021 νόσον
568 955 572 1044 i
597 958 701 1030 πενία,
735 956 875 1020 διδάσκει
910 955 938 1020 δ’
971 956 1073 1038 ἄνδρα
1104 964 1141 1039 τῇ
1170 957 1258 1039 χρείᾳ
1290 957 1365 1038 (γάρ
1387 955 1486 1038 τιν’ἡ

259 1048 361 1129 χρεία,
379 1047 428 1110 vel
453 1049 558 1131 potius
581 1047 701 1128 ἄνδρας
725 1048 744 1129 ἡ
768 1048 857 1129 χρεία
880 1047 1035 1125 κακούςῗ)
1058 1046 1168 1110 κακόν.
1192 1045 1241 1110 Fr.
1258 1045 1331 1107 666.
1354 1044 1487 1126 ποιητὴν

261 1135 289 1199 δ’
313 1137 375 1218 ἄρα
394 1133 398 1222 i
415 1135 523 1218 Ἔρως
556 1137 710 1210 διδάσκει,
742 1138 804 1217 κῆν
835 1137 978 1218 ἄμουσος
1004 1133 1026 1218 ᾖ
1049 1135 1084 1198 τδ
1111 1135 1193 1218 πρίν.
1283 1133 1355 1218 κάν]
1389 1131 1486 1197 811111).

259 1226 328 1307 κῆν.
368 1225 515 1288 Imitatur
538 1224 715 1289 Menander
736 1224 792 1288 IV.
819 1225 890 1288 146.
914 1226 1002 1308 χρεία
1028 1224 1181 1297 διδάσκει,
1205 1227 1267 1288 κᾶν
1289 1225 1434 1305 ἄμουσος
1456 1220 1486 1305 ᾖ,

260 1313 371 1396 σοφόν.

351 1421 424 1503 711,
448 1421 476 1482 2.
501 1420 587 1504 ἡμῖν]
612 1419 687 1504 ἧμιν
710 1421 831 1485 Nauck.
858 1421 932 1502 ύμῖν
960 1421 1053 1485 117.
1077 1427 1135 1486 eta.
1181 1419 1292 1502 11111111,
1319 1421 1354 1482 ni
1381 1419 1485 1482 fallor:

259 1510 387 1592 Telephi
411 1510 496 1573 enim
520 1511 619 1594 ipsius
643 1511 720 1574 haec
744 1511 894 1574 videntur
916 1531 993 1575 esso.
1032 1511 1180 1574 Comicus
1201 1511 1333 1573 fortasse
1356 1509 1431 1591 ύμῖν
1453 1509 1486 1571 in

308 1605 338 1662 ῖν
360 1601 502 1662 mutavit.

262 1601 308 1682 ἠμ
351 1689 423 1770 712,
450 1689 476 1750 1.
500 1690 529 1751 εἰ
550 1689 644 1752 schol.
673 1687 736 1752 alra
760 1687 868 1753 Matth.
892 1687 954 1753 aba
981 1689 1116 1772 Τηλέφῳ
1139 1690 1336 1772 θυμούμεθα
1360 1688 1487 1770 conjicit

260 1777 457 1858 Bakhuyaen
484 1778 523 1841 de
551 1776 689 1841 Parodia
714 1798 743 1862 p.
768 1780 818 1840 21.
933 1781 961 1840 2.
985 1779 1106 1860 μᾶλλον
1129 1780 1224 1844 schol.
1259 1781 1368 1861 μεῖζον
1392 1777 1485 1840 Arist.

261 1867 347 1948 prob.
372 1866 491 1930 Nauck.
584 1866 787 1950 δεδρακότες]
818 1867 925 1930 Malim
951 1868 1159 1949 δεδράκαμεν.
1185 1868 1229 1931 uf.
1254 1869 1349 1932 Arist.
1365 1867 1485 1930 Thesm.

262 1957 335 2018 518.
358 1953 427 2037 κᾷτ’
452 1954 609 2038 Εὐριπίδῃ
633 1956 830 2038 θυμούμεθα
854 1953 857 2044 Ι
880 1957 975 2020 οὐδέν
997 1957 1160 2020 παθοῦσαι
1187 1959 1297 2039 μεῖζον
1324 1960 1343 2039 ἢ
1374 1955 1485 2036 δεδρά-

260 2068 378 2126 καμεν,·
413 2042 505 2128 Soph.
523 2044 598 2108 Oed.
616 2045 648 2109 C.
666 2046 739 2108 267.
768 2045 940 2108 πεπονθότ’
964 2047 1025 2108 ἐστὶ
1046 2046 1168 2127 μᾶλλον
1191 2049 1210 2128 ἢ
1236 2045 1420 2128 δεδρακότα.

352 2153 424 2214 714.
447 2151 579 2237 μέλλεις]
604 2153 705 2221 θέλεις
720 2153 830 2216 Valolr.
875 2150 966 2228 Quod
990 2173 1103 2216 verum
1126 2154 1260 2216 videtur.
1285 2151 1329 2216 Cf.
1346 2151 1396 2214 Fr.
1414 2152 1485 2214 719.

261 2241 343 2304 Mira
366 2241 577 2323 discrepantia
600 2247 648 2304 ost
675 2242 759 2306 inter
786 2242 865 2304 duas
889 2242 1054 2326 lectiones,
1081 2248 1118 2305 ut
1140 2243 1303 2314 virsano
1324 2240 1487 2324 Euripidis

261 2329 359 2393 verba
382 2331 477 2394 allata
499 2332 634 2394 credam.
674 2330 732 2407 Qu.
755 2331 843 2394 τοῦδ’
867 2332 929 2412 ἔχει
951 2333 1040 2413 χρεία
1064 2331 1160 2412 λόγου
1184 2335 1252 2411 (aut
1272 2373 1296 2394 ο
1310 2333 1356 2411 -).
1391 2330 1485 2412 Apud

261 2419 506 2503 Aristophanem
523 2421 602 2483 Aah.
619 2421 692 2483 454.
716 2439 772 2503 pro
793 2419 881 2483 τοῦδ’
899 2421 961 2502 ἔχει
977 2421 1114 2490 πλέκους
1136 2421 1231 2504 χρέος
1253 2420 1385 2504 legerim
1400 2416 1486 2481 τοῦδ’

261 2510 323 2591 ἔχει
351 2511 439 2592 χρεία
467 2509 618 2582 πλέκους,
651 2515 706 2572 aut
737 2511 842 2592 potius
870 2508 957 2572 τοῦδ’
980 2511 1042 2591 ἔχει
1070 2510 1207 2580 πλέκους
1230 2511 1320 2592 ἔρως.
1368 2508 1486 2589 Utique

261 2599 449 2662 mendosum
474 2605 521 2662 est
543 2600 650 2682 χρέος,
675 2599 759 2681 quod
783 2617 849 2662 non
872 2597 1029 2681 significat
1052 2599 1071 2660 i.
1089 2619 1117 2682 q.
1141 2601 1229 2681 χρεία
1253 2598 1388 2679 (need).

352 2707 424 2768 718.
448 2705 541 2768 ὄλοιτ’
565 2709 604 2770 ἂν
627 2706 708 2768 111111.
733 2705 848 2769 ὀλοίατ’
871 2705 966 2770 Dobr.
992 2705 1114 2790 δλοίτην
1136 2705 1245 2769 Elmsl.
1269 2705 1309 2768 ad
1332 2705 1411 2768 Ach.
1438 2704 1464 2766 7.

353 2795 424 2858 720.
447 2795 605 2878 τόλμησον
642 2803 674 2859 et
709 2796 911 2878 τραχυνθῶσι
943 2795 1094 2858 Badham.
1132 2794 1233 2858 Praei.
1257 2795 1323 2878 Iph.
1346 2794 1378 2857 Τ.
1424 2792 1486 2856 Pro

261 2884 332 2946 θεοὶ
356 2904 407 2966 qn.
431 2907 488 2946 σοι.
601 2882 689 2966 τόλμ’
714 2885 760 2946 aa
784 2885 831 2948 od.
855 2884 973 2966 τόλμης
1000 2884 1047 2947 ἀεὶ
1071 2883 1152 2948 111111.
1180 2884 1280 2966 τόλμα
1303 2883 1342 2946 σὺ
1365 2882 1485 2946 Nauck.

262 2972 344 3035 Fert.
377 2973 556 3055 τολμητέον,
589 2976 651 3055 κῆν
683 2973 781 3056 τραχύ
814 2998 839 3036 τι
872 2975 1009 3056 νέμωσιν
1041 2973 1119 3036 θεαί.
1171 2973 1309 3037 Versrun
1342 2971 1485 3055 Euripidi

262 3061 421 3143 abjudicat
437 3063 616 3124 Meinolrius
640 3063 782 3126 scribens
804 3063 923 3144 τολμᾶν
947 3063 1005 3135 δεῖ,
1029 3063 1090 3144 κάν
1109 3087 1135 3124 τι
1159 3061 1258 3146 τρηχὺ
1274 3063 1393 3144 νέμωσι
1408 3061 1485 3124 θεοί.

306 3152 367 3213 κάν
381 3149 419 3233 τι]
438 3149 535 3214 Scrib.
552 3153 613 3232 κῆν
628 3176 661 3213 τι.
740 3153 877 3233 νέμωσιν
893 3157 947 3214 aut
963 3153 1081 3233 νέμωσι
1097 3151 1178 3214 libri.
1202 3153 1351 3234 νείμωσιν
1366 3149 1485 3213 Nauck.

352 3240 425 3322 721,
449 3242 478 3302 2.
510 3247 564 3322 τῆς
592 3247 649 3322 σῆς
673 3239 800 3322 Ἑλένης
832 3239 940 3304 Elmsl.
966 3241 1004 3303 ad
1028 3240 1094 3324 Iplr.
1117 3241 1149 3303 T.
1176 3242 1247 3303 118.
1277 3247 1309 3304 et
1335 3241 1411 3304 Her.
1438 3239 1486 3302 19.

262 3327 370 3392 Verba
397 3335 471 3392 sunt
499 3330 748 3410 Agamemnonis
777 3329 817 3392 ad
845 3329 1039 3411 Monoleum,
1072 3336 1108 3392 ut
1139 3331 1199 3392 ista
1231 3330 1384 3412 Σπάρτην
1416 3329 1485 3391 ἔλα-

261 3441 327 3500 χες,
352 3423 408 3482 etc.
500 3419 628 3502 οὕνεκα]
653 3419 721 3482 Imo
745 3420 836 3481 ἕνεκα
861 3417 977 3498 (ἕνεκ’),
1002 3425 1056 3481 aut
1079 3421 1180 3482 εἵνεκα
1205 3417 1327 3499 (εἵνεκ’).

353 3527 424 3587 722.
449 3526 614 3598 κυδάζεται
640 3562 679 3570 -
701 3524 865 3608 Ἀργείοις]
895 3525 939 3590 Oi.
966 3526 1076 3590 Aesch.
1101 3525 1149 3588 Fr.
1174 3527 1225 3588 89.
1255 3528 1340 3589 οὔτοι
1368 3524 1487 3607 γυναιξί

264 3614 312 3677 δεῖ
331 3615 534 3688 κυδάζεσθαι.
624 3615 776 3697 Σπάρτην
797 3614 882 3678 Stob.
906 3615 1058 3696 Σπάρταν
1082 3623 1136 3679 aut
1157 3615 1297 3696 σπάρτον
1312 3615 1350 3678 al.
1374 3614 1485 3695 Σπάρ-

262 3728 317 3786 την
341 3709 372 3767 at
394 3705 508 3786 κείνην,
538 3711 574 3768 ut
600 3706 635 3768 in
658 3706 849 3788 anapaestis
877 3703 971 3768 Dind.
1084 3704 1202 3788 κείνην]
1225 3705 1340 3778 κείναν,
1364 3705 1486 3773 ταύταν,

262 3794 385 3875 ταύτην,
409 3793 561 3874 Σπάρταν
584 3794 622 3857 al.
668 3794 790 3858 Verum
815 3793 1084 3875 τ111ε1111ταύτην.

353 3884 424 3946 723.
448 3883 556 3946 Verba
578 3881 608 3946 ὦ
630 3883 720 3953 πόλις
737 3883 871 3964 Ἄργους
894 3885 929 3946 in
951 3882 1086 3966 Telepho
1106 3885 1204 3946 tuisse
1221 3889 1376 3946 testantur
1391 3881 1486 3944 schol.

263 3971 303 4034 ad
326 3970 383 4054 Eq.
401 3973 474 4035 813.
498 3980 530 4036 ot
552 3973 599 4036 Pl.
617 3972 689 4035 601.
728 3972 873 4053 Reliquis
895 3970 1005 4035 κλύεθ’
1029 3971 1079 4034 oia
1103 3971 1196 4054 λέγει,
1222 3991 1303 4053 quae
1327 3971 1487 4035 extantia

262 4061 345 4125 Med.
372 4061 457 4144 168,
481 4063 576 4126 otiam
599 4063 634 4124 in
656 4062 792 4144 'lolepbo
816 4082 910 4124 usum
935 4080 1003 4124 csse
1032 4069 1156 4143 poetam
1180 4063 1356 4144 conjicitmt
1377 4059 1486 4122 Elmsl.

263 4158 294 4214 et
317 4149 436 4214 Nauck.

354 4242 427 4322 724,
451 4243 479 4302 2.
512 4242 718 4323 φρονήματος
750 4239 847 4324 χάλα]
881 4239 925 4303 uf.
950 4241 1045 4303 Arist.
1069 4240 1164 4323 Vesp.
1191 4241 1262 4303 727.
1299 4239 1356 4322 τὴν
1388 4237 1488 4321 ὀργὴν

263 4333 328 4412 (τῆς
352 4330 482 4413 όργῆςῗ)
505 4331 653 4412 χαλάσας,

354 4420 425 4482 725.
449 4426 599 4501 πριστοῖσι
626 4419 683 4502 -l
718 4417 834 4482 Luoom
868 4418 1003 4482 afforunt
1034 4419 1156 4500 Hygini
1190 4418 1286 4480 verba
1315 4417 1388 4480 aab.
1415 4417 1486 4479 101.

263 4509 363 4572 “Tum
391 4508 524 4590 Ulyssos
557 4511 612 4592 ait,
645 4527 711 4572 aon
743 4515 773 4571 te
806 4509 884 4572 dicit
911 4509 1039 4592 Apollo,
1072 4508 1126 4570 sed
1156 4515 1316 4572 auotorom
1345 4507 1487 4572 vulnens
