3446 5258
326 407 387 468 192
853 425 1018 471 rennuis.

415 584 507 647 1109.
531 585 650 666 ἔρριον·
678 585 721 654 εἰς
744 584 885 668 φθοράν]
915 584 981 668 ἔρρ’
1010 583 1068 648 ἰὼν
1091 582 1187 647 Mein.
1211 582 1260 647 Fr.
1285 582 1371 647 Com.
1394 583 1450 646 IV.
1475 583 1548 646 265.

324 672 403 754 ἔρρ’·
427 673 472 736 ἴθι
499 675 542 743 εἰς
569 673 700 755 φθοράν
729 673 836 738 Cobet.
871 674 931 754 (Ita
958 679 1082 737 tantum
1109 672 1176 754 ἔρρ’
1204 677 1260 736 aut
1286 673 1359 754 ἔρρε
1385 672 1549 756 Euripidis

322 762 437 842 fuerit)
482 761 588 826 Recte.
634 763 717 826 Nota
740 768 789 827 est
811 763 928 826 locutio
952 762 1018 845 ἔρρ’
1042 763 1075 832 ἐς
1097 762 1248 844 κόρακας.

415 851 508 934 1110,
533 853 561 913 2.
589 851 643 914 καὶ
674 851 760 922 τέλος
788 851 882 922 αὐτὸς
909 849 988 935 ἔχει]
1022 851 1066 915 cf.
1090 850 1183 935 Soph.
1207 849 1255 914 Fr.
1283 851 1367 913 1022
1379 851 1418 914 N.
1446 856 1550 920 κεῖνος

325 940 385 1024 γὰρ
408 941 471 1022 ἔχει
493 941 580 1010 τέλος
603 940 660 1023 ἠδὲ
683 941 737 1004 καὶ
760 941 863 1024 ἀρχήν
886 945 939 1022 (sc.
963 939 1064 1023 Ζεύς.)

415 1029 508 1091 1113.
531 1029 720 1115 περισοβεῖν]
745 1031 770 1095 Ι.
787 1051 812 1095 θ.
842 1030 875 1093 ἕν
903 1029 1014 1112 κύκλῳ
1041 1030 1139 1094 πίνειν
1166 1029 1275 1114 (Angl.
1304 1034 1338 1093 1ο
1367 1029 1459 1094 send
1488 1030 1549 1093 the

324 1139 394 1202 cup
417 1120 567 1202 round),
591 1125 627 1182 ut
649 1120 787 1203 explieat
809 1120 999 1202 Hesychius.
1039 1119 1083 1182 cf.
1107 1119 1190 1183 Men.
1214 1119 1269 1182 Iu.
1296 1119 1367 1182 136.

415 1208 508 1271 1114.
538 1207 624 1272 Suid.
652 1209 671 1271 ὁ
700 1208 734 1272 δὲ
758 1207 934 1291 Ἡρόδοτος
960 1215 1016 1292 τῆς
1042 1207 1173 1292 Μηόίας
1200 1205 1277 1272 εἶναι
1303 1206 1358 1272 τὸν
1386 1207 1457 1291 (del.
1485 1206 1550 1287 τὸν)

323 1297 422 1362 τόπον
445 1295 587 1362 Νίσαιον.

416 1386 509 1450 1117.
533 1387 659 1450 Codicis
683 1387 759 1467 (Pal.
784 1388 868 1468 287.)
891 1387 1044 1452 lectiones
1067 1388 1273 1468 virorumque
1293 1388 1458 1450 doctorum
1481 1406 1551 1450 eor-

324 1477 481 1540 rectiones
504 1478 650 1540 invenies
674 1477 758 1561 apud
781 1477 902 1540 Nauck.
998 1479 1026 1539 2.
1055 1478 1187 1559 ἤσκηται
1214 1475 1345 1560 χλιδαῖς]
1379 1476 1423 1540 cf.
1456 1475 1550 1560 Soph.

324 1565 371 1629 El.
396 1567 469 1628 452.
493 1567 587 1649 ζῶμα
611 1604 653 1613 -
677 1567 716 1630 οὐ
740 1566 858 1648 χλιδαῖς
882 1566 1071 1649 ἠσκημένον.

412 1655 528 1739 λίχνον]
554 1655 598 1719 Of.
621 1656 769 1720 Axionic.
792 1656 850 1720 ΙΠ.
876 1656 947 1718 531.
972 1655 1155 1738 ὀψοφάγων
1176 1655 1230 1719 καὶ
1253 1655 1368 1738 λίχνων
1390 1655 1528 1738 ἀνὸρῶν.

413 1941 575 2025 Euripidis
604 1943 731 2006 videtur
758 1961 826 2006 esse
851 1962 962 2007 versus
990 1942 1074 2026 apud
1102 1941 1187 2006 stob.
1211 1940 1256 2006 u.
1279 1943 1309 2024 4,
1326 1941 1376 2004 21.
1413 1940 1433 2024 ἢ
1466 1940 1550 2024 ,δορὶ1

325 2030 447 2116 φόρημ’
472 2031 647 2113 ἄνθρωπος
670 2033 811 2113 εὐτυχῶν
839 2033 963 2113 ἄφρων.
1003 2031 1047 2095 cf.
1071 2031 1120 2095 ur.
1146 2032 1219 2094 644.
1242 2030 1326 2115 βαρὺ
1349 2030 1384 2093 τὸ
1408 2029 1442 2113 (ἦ
1466 2031 1551 2114 βαρὺ

326 2119 590 2203 00511)φόρημ’
615 2123 713 2203 οἴησις
736 2120 915 2201 ἀνθρώπου
939 2127 1051 2184 κακοῦ.

415 2209 794 2291 Soh01.AristEq.973.
818 2210 944 2292 ἥδιστον
967 2211 1052 2293 φάος
1075 2211 1197 2293 ἡμέρας
1217 2211 1301 2273 ἔσται
1316 2215 1373 2274 etc.
1396 2216 1491 2273 ταῦτα
1517 2209 1552 2272 δὲ

325 2297 413 2380 παρὰ
435 2297 472 2361 τὰ
488 2297 674 2380 Εὐριπίδου.

414 2387 560 2471 Euripidi
583 2388 695 2452 tribuit
709 2388 875 2453 Dobraeus
891 2388 983 2469 (adv.
997 2389 1036 2452 Π.
1053 2390 1135 2470 125.)
1159 2410 1210 2452 vv.
1227 2409 1273 2473 ap.
1290 2388 1445 2452 Muratori
1468 2387 1550 2451 Iaso.

326 2498 354 2560 p.
367 2477 460 2540 1776,
477 2475 506 2540 ὦ
521 2483 591 2550 παῖ,
612 2478 776 2560 φυλάσσου
791 2478 837 2560 μὴ
855 2479 989 2561 σφαλῇς·
1014 2479 1033 2560 ἡ
1051 2478 1177 2559 γλῶσσά
1192 2501 1238 2542 τοι
1255 2473 1260 2564 i
1278 2477 1355 2561 αὐτὴ
1371 2478 1431 2560 μὲν
1448 2477 1550 2550 οὐδὲν,

326 2566 406 2648 ἡνίκ’
430 2569 470 2629 ἂν
492 2567 580 2649 λέγῃ,
604 2573 705 2631 πονεῖ·
724 2563 728 2654 Ι
746 2567 821 2630 ὅταν
845 2567 874 2629 δ’
898 2568 1037 2650 ἁμάρτῃ,
1061 2567 1161 2631 πολλὰ
1181 2567 1371 2650 προσβάλλει
1386 2567 1480 2630 κακά.

415 2655 561 2739 Euripidi
592 2657 723 2720 fortasse
760 2657 987 2738 assignandum
1024 2663 1133 2721 censet
1169 2657 1348 2720 Meinekius
1380 2655 1440 2736 (Er.
1465 2655 1551 2720 Gom.

326 2745 381 2808 IV.
409 2745 491 2824 171.)
519 2747 633 2809 ineerti
661 2765 791 2808 versum
818 2746 902 2828 apud
930 2745 1096 2809 Hermiarn
1124 2747 1164 2808 ad
1187 2746 1266 2810 Plat
1291 2745 1423 2810 Phaedr.
1447 2765 1475 2828 p.
1501 2746 1550 2808 76.

326 2835 436 2918 πλήρει
461 2834 521 2916 γὰρ
545 2836 634 2917 ὄγκῳ
658 2835 792 2916 γαστρὸς
814 2837 939 2907 αὔξεται
961 2837 1083 2916 κύπρις.

414 2923 505 2986 idem
529 2924 674 3007 Euripidi
697 2925 809 2987 tribuit
831 2924 929 2988 verba
952 2925 991 2988 ab
1010 2924 1143 2988 Hermia
1164 2925 1271 3008 paullo
1295 2925 1426 2988 inferius
1450 2924 1552 3006 allata

327 3032 369 3076 ex
392 3018 562 3094 systemate
586 3014 741 3095 glyconee
766 3015 873 3095 ducta,
898 3013 987 3076 δισσὰ
1010 3014 1172 3098 πνεύματα
1195 3021 1294 3086 πνεῖς,
1310 3013 1425 3094 Ἔρως.

416 3100 578 3184 Euripidis
609 3103 793 3185 fragmentis
826 3103 960 3166 addatur
987 3123 1099 3168 versus
1127 3103 1210 3186 apud
1238 3101 1342 3185 Etym.
1370 3103 1412 3166 Μ.
1436 3103 1552 3166 Milleri

328 3189 504 3272 (Melanges
530 3190 625 3273 153),
657 3193 828 3274 πάρεσμεν,
857 3192 922 3254 ἀλλ’
947 3193 1007 3255 οὐκ
1030 3191 1106 3275 ἦσθ’
1130 3195 1169 3255 ἂν
1193 3194 1231 3256 οὐ
1256 3194 1411 3276 (ᾐσθάνου
1435 3193 1552 3276 optime

328 3278 429 3357 Koek)
452 3279 592 3360 παρόντα
615 3304 664 3361 με.

416 3367 544 3430 Novum
566 3367 730 3452 Euripidis
757 3371 969 3454 fragmentum
997 3371 1127 3455 praebet
1154 3371 1259 3454 glossa
1281 3371 1364 3456 apud
1388 3371 1478 3435 Cehu
1501 3369 1553 3433 Zu

329 3456 401 3519 den
424 3456 795 3541 Paroemiographen
818 3481 846 3544 p.
872 3461 921 3522 70.

418 3543 502 3607 Stob.
526 3546 606 3609 Elor.
633 3548 687 3629 18,
712 3549 762 3610 28.
795 3549 813 3610 ὁ
838 3548 866 3612 δ’
890 3549 1066 3632 Εὐριπίδης
1101 3555 1165 3614 τῶν
1202 3550 1331 3613 ἀτόπων
1361 3549 1417 3633 τὴν
1449 3550 1553 3633 λήθην

329 3633 394 3716 (τὴν
417 3633 504 3715 παρὰ
531 3635 620 3716 πότῳ
647 3637 787 3719 λήθηνΡ)
811 3638 915 3720 σοφὴν
939 3641 1053 3722 εἴρηκε.

417 3722 570 3787 libanius
598 3726 686 3807 epist„
710 3727 783 3788 430.
813 3727 895 3796 ὅστις
923 3727 983 3809 γὰρ
1011 3729 1132 3810 ὁμιλῶν
1160 3727 1318 3811 Εὐριπίδῃ
1350 3727 1430 3808 (κατ’
1453 3727 1553 3810 Εὐρι-

329 3812 568 3895 πίὸην1111111.)
601 3814 708 3897 ἥδεται
743 3814 898 3897 Θεμιστίῳ
932 3818 994 3879 “or’r
1026 3817 1151 3881 πώποτ’
1184 3819 1333 3901 ἠρώτησα
1367 3818 1555 3900 γιγνώσκων

330 3902 375 3964 ὅτι
401 3898 404 3988 i
429 3908 485 3965 τοῦ
509 3904 567 3985 ζῆν
590 3904 636 3973 ὡς
659 3903 720 3982 (ὅδ’
744 3905 801 3984 ὡς)
824 3906 933 3985 ἄριστα
956 3913 1086 3970 ποιεῖται
1109 3906 1234 3989 λόγον.”
1280 3905 1368 3983 Quae
1391 3905 1555 3990 Euripidis

329 3992 555 4056 videturesse.
594 3993 633 4054 V.
658 3993 732 4056 Eur.
756 3992 805 4056 Fr.
830 3995 903 4056 809.

419 4081 576 4145 Addenda
591 4083 698 4146 forsan
713 4081 875 4166 Euripidis
898 4083 1082 4167 fragmentis
1098 4085 1196 4150 verba
1210 4085 1452 4169 μασχαλισθήσῃ
1468 4087 1555 4148 ποτέ.

329 4169 367 4232 V.
380 4170 501 4234 Nauck.
525 4173 565 4235 ad
589 4171 681 4256 Soph.
707 4171 754 4234 Er.
780 4172 852 4234 561.

808 4441 1075 4452 ——-—-..—..-.
