3320 5250
639 418 803 462 ιισιιιειυι.
1238 469 1240 474 ,
1271 400 1334 461 135

151 575 180 636 2.
197 579 304 656 χερῶν
315 575 517 658 ὑπερβολαῖς]
530 576 727 659 Suspectum.
752 574 809 651 Ωιι.
822 577 968 658 θράσους
980 576 1149 659 ὑπερβολῇ.
1220 578 1248 640 3.
1264 577 1333 640 τολ-

109 665 251 745 μήμασιν
274 701 315 708 -
340 664 498 728 άλίοκεταί
522 689 554 728 τε
579 665 693 749 πάντα]
727 665 771 730 cf.
795 665 844 730 rr.
869 667 942 730 808.
970 666 1096 748 τάφανῆ
1123 667 1335 749 τεκμηρίοισιν

109 753 238 823 εἰκότως
261 753 424 818 ἁλίσκεται.

196 843 270 905 438.
306 841 364 917 Ωιι.
398 844 427 906 τί
460 842 498 918 θ’,
537 843 632 914 αὖθις
666 845 706 926 ἥν
738 868 780 926 με
815 845 968 927 θιαβάλῃς
996 881 1037 888 -
1067 842 1098 908 F.
1124 845 1159 907 G.
1183 843 1333 909 Schmidt.

150 931 317 1015 θιαβάλης]
341 933 409 996 Im0
434 933 577 1016 διαβάλῃ.
617 935 661 997 Cf.
685 934 781 998 Arist.
806 934 865 996 Av.
892 933 986 997 1648.

196 1022 270 1104 439,
296 1021 323 1083 1.
347 1028 411 1091 τοῖς
433 1027 528 1098 πᾶσιν
550 1022 688 1106 βροτοῖς]
718 1023 762 1086 Cf.
790 1023 883 1104 1048,
907 1024 935 1084 4.
959 1027 1024 1085 τῶν
1047 1023 1175 1086 πάντων
1197 1024 1333 1106 βροτῶν.

150 1113 179 1173 2.
205 1111 321 1192 ἐξῄρου
346 1111 430 1194 vulg.
454 1111 571 1194 έξῃροῦ
595 1117 679 1176 reate
703 1112 819 1176 Baiter.
864 1112 888 1175 Ι.
906 1131 934 1193 q.
958 1112 1097 1194 ἀφῃροῦ.

197 1201 271 1281 440,
298 1200 324 1261 1.
348 1207 412 1270 τοῖς
426 1201 587 1264 πολλοῖσιν
602 1201 801 1283 ἀνθρώποις]
825 1201 895 1264 Imo
907 1237 946 1246 -
959 1201 1155 1282 ἀνθρώπων.
1234 1203 1262 1264 2.
1278 1201 1335 1283 τὴν

108 1287 239 1370 πάροιθ’
272 1289 456 1373 εὐπραξίαν]
494 1290 551 1373 τὴν
586 1290 655 1354 λίαν
692 1291 865 1372 εὐπραξίαν
897 1290 1004 1353 Cobet.
1050 1287 1132 1353 Forl.
1165 1289 1222 1373 τὴν
1253 1291 1334 1371 ἄγαν

109 1379 287 1460 εὐπραξίαν.
404 1379 461 1461 τὴν
498 1378 620 1460 περίοο’
659 1381 706 1460 (Ρ)
745 1379 918 1461 εὐπραξίαν
955 1379 1069 1460 Bergk.
1125 1379 1235 1442 Malim
1277 1380 1334 1463 την

108 1468 187 1547 ἄγαν
212 1505 267 1527 -.
306 1467 350 1531 Cf.
375 1468 470 1532 Arist.
494 1468 576 1532 Nub.
604 1468 697 1531 1120.
720 1468 777 1551 τὴν
799 1469 881 1550 άγαν
904 1469 1089 1550 ἐπομβρίαν.

196 1557 269 1619 441.
294 1557 418 1639 τρυφὴν
450 1557 485 1620 όὲ
517 1558 607 1620 τίκτει
639 1558 775 1628 πλοῦτος
807 1561 827 1640 ί]
855 1557 958 1640 φειόὼ
985 1559 1057 1641 βίου
1081 1555 1114 1620 Ε.
1131 1558 1166 1620 G.
1184 1557 1333 1622 Schmidt.

110 1644 163 1720 Qu.
189 1647 281 1728 ὕβριν
305 1646 348 1708 δέ.
461 1649 481 1728 ί]
510 1647 613 1729 φειόῶ
640 1647 725 1731 βίου]
758 1647 908 1720 πλοῦτος,
942 1646 981 1710 οὐ
1014 1646 1117 1729 φειδὼ
1148 1649 1221 1729 βίου
1253 1649 1333 1730 conj.

110 1734 228 1798 Nauck.
273 1733 330 1809 Ωιι
355 1736 502 1817 ἄφθονος
533 1737 674 1819 βροτοῖς,
707 1737 758 1800 val
786 1738 807 1818 ἥ
835 1735 862 1798 τ’
886 1736 1052 1818 εὐπραξία,
1081 1735 1132 1799 vel
1160 1738 1179 1817 ἣ
1205 1736 1334 1818 σφάλλει

109 1825 242 1904 βροτούς
274 1826 384 1906 (βίον),
416 1825 467 1888 val
495 1827 515 1908 ἢ
539 1825 642 1908 τρυφὴ
676 1825 798 1909 (χλιθὴ)
830 1825 916 1908 βίου,
955 1825 1006 1888 vel
1043 1824 1196 1888 πλουσίου
1229 1825 1332 1908 τροφὴ

109 1915 193 1993 βίον,
217 1912 267 1976 val
292 1916 311 1996 ἢ
335 1914 439 1995 φειόὼ
461 1915 551 1996 βίου,
574 1915 651 1994 (sic).

196 2004 270 2078 442,
286 2003 312 2064 l.
329 2003 528 2086 ἀνθρώποις]
541 2003 651 2066 Μιι11ιιι
663 2003 859 2086 ἀνθρώπων.
930 2005 957 2066 3.
971 2003 1109 2085 εὐρόοιοι
1123 2041 1163 2050 ——
1177 2003 1333 2067 Clemens.

110 2091 296 2172 εὐρύθμοιοι
319 2128 362 2136 -
386 2091 548 2156 Stabaous.
580 2093 756 2174 εὐτρόχοισι
789 2093 921 2174 στόμασι
949 2093 1094 2174 Person„
1126 2092 1196 2155 coll.
1220 2093 1333 2156 Bacch.

111 2181 180 2244 268.
214 2181 360 2262 γλῶσσαν
392 2183 552 2264 εὔτροχον.
586 2181 672 2264 prob.
700 2181 821 2246 Nauck.
868 2181 989 2263 (Recta,
1017 2183 1149 2264 opinor.)
1172 2182 1335 2263 εὐπόροιοι

111 2269 317 2352 ι·ιιιι].ΝιιιιοΙι.
342 2271 505 2351 εὐθρόοισι
529 2271 661 2353 στόμασι
685 2271 723 2333 V.
747 2270 784 2334 D.
813 2272 848 2334 in
872 2270 968 2334 Glaas.
987 2271 1100 2334 Journ.
1117 2270 1171 2333 VI.
1188 2271 1239 2333 81.
1263 2271 1334 2334 coll.

112 2358 268 2440 Hesychio
284 2359 478 2440 εὐθρόοισιν·
503 2360 636 2442 εὐήχοις.
675 2358 886 2424 Scribandum
903 2360 1069 2442 εὐρρόοισι.
1109 2359 1152 2424 Cf.
1169 2360 1246 2423 Hae.
1260 2360 1333 2422 650.

112 2447 161 2510 τόν
184 2450 320 2530 εῦρρσον
343 2447 509 2529 Εὐρώταν.
611 2452 640 2512 4.
664 2451 684 2511 ἃ
708 2449 769 2531 χρὴ
795 2448 912 2532 ὀοκεῖν]
937 2449 1046 2512 Malim
1070 2451 1090 2512 0
1114 2456 1195 2530 χρῆν
1219 2449 1333 2512 ὀοκεῖν.

152 2537 348 2620 κλέπτουσιν]
373 2535 431 2614 Ωιι.
455 2539 644 2620 στρέφουσιν
667 2539 771 2620 (they
797 2539 910 2619 twist,
934 2545 1098 2620 perrari,
1122 2538 1278 2620 falsify).

196 2629 270 2709 443,
296 2627 323 2690 1.
347 2632 495 2708 παραινῶ
520 2627 578 2710 -]
607 2627 651 2691 Cf.
676 2627 790 2691 Aesch.
815 2627 918 2690 Prom.
936 2628 1008 2690 307.
1033 2627 1116 2708 ὁρῶ,
1140 2625 1333 2710 Προμηθεῦ,

112 2715 162 2778 καί
183 2718 368 2798 παραινέσαι
392 2717 427 2797 γέ
443 2739 493 2780 σοι
517 2713 520 2802 ]
543 2717 630 2780 θέλω
646 2716 683 2779 τὰ
699 2717 813 2798 λῷστα.
886 2716 955 2799 καί]
980 2739 1029 2778 σοι
1046 2716 1140 2779 Gaisf.
1209 2717 1238 2779 ελ
1250 2740 1333 2799 φρο-

114 2803 181 2888 νεῖς]
205 2805 333 2888 Corriga
357 2806 476 2887 ἄφρονι
493 2843 548 2867 -.
649 2807 677 2868 2.
702 2806 824 2888 γυναικὶ
840 2805 967 2888 πείθου]
991 2805 1091 2868 πιθοῦ
1108 2805 1230 2886 γυναικί
1253 2807 1333 2887 conj.

114 2891 219 2958 Bloml.
243 2895 283 2958 ad
306 2895 411 2958 Prom.
436 2896 509 2958 282.

196 2985 269 3047 444.
293 2984 410 3066 χρόνος
443 2982 595 3067 όιέρπων]
628 2983 738 3047 Malim
770 2984 887 3066 χρόνος
920 2983 981 3065 γάρ
1013 2984 1130 3065 ἕρπων.
1242 2982 1334 3047 πάντ’

113 3071 284 3156 ἀληθεύειν]
310 3071 367 3149 Ωιι.
391 3072 482 3136 πάντ’
506 3073 722 3146 ἀναπτύσσειν,
746 3074 795 3137 vel
820 3074 921 3136 πάντα
946 3069 1098 3136 όεικνύειν
1122 3073 1310 3154 (δεικνύναι).

196 3164 269 3226 445.
293 3164 402 3226 ἵππων
426 3199 467 3208 -
492 3162 610 3246 στάσιν]
636 3163 679 3226 Of.
704 3183 732 3226 v.
755 3163 932 3244 βούσταοις.

196 3248 602 3335 446.Οί.8ορ1ι.111.86.
635 3250 664 3314 ὠ
691 3253 776 3334 φάος
804 3251 903 3332 ἁγνὸν
929 3251 983 3314 καί
1011 3257 1069 3333 γῆς
1097 3250 1234 3335 ἰσόμοιρ’
1262 3252 1333 3334 ἀήρ.

156 3339 183 3400 2.
204 3341 251 3410 ὡς
274 3341 336 3423 ηόὺ
359 3341 512 3424 λεύσσειν]
536 3340 619 3424 Lago
642 3341 689 3412 ῶς
712 3341 792 3424 ἡόύς
815 3339 845 3403 εί
865 3341 912 3402 ού.

196 3430 270 3512 447,
296 3431 323 3492 l.
347 3431 408 3493 οὐκ
432 3427 493 3494 ἔστ’
517 3429 722 3514 ἀποστροφή]
748 3429 806 3506 Ωιι.
830 3430 890 3492 οὐκ
915 3431 995 3492 ἔστιν
1019 3429 1180 3512 ἀποφυγή.

196 3520 269 3582 449.
293 3516 322 3582 ‹l›
345 3520 470 3600 μάκαρ,
503 3521 572 3588 οίος
596 3519 654 3602 -]
687 3520 756 3583 Hos
789 3539 899 3582 versus
927 3519 962 3582 in
992 3517 1056 3582 fine
1084 3519 1209 3582 fabulae
1237 3520 1334 3583 fuisso

113 3606 180 3684 jura
200 3609 379 3691 suspicatur
402 3607 507 3672 Monk.
531 3609 573 3672 ad
596 3609 690 3692 Hipp.
717 3608 810 3671 1365.
918 3609 946 3670 3.
971 3609 1086 3671 οὔποτε
1110 3608 1250 3692 θνητοῖς]
1275 3607 1333 3684 Ωιι.

116 3695 194 3786 οὐτις
214 3697 355 3779 θνητοῖς,
380 3696 430 3760 vel
456 3698 515 3760 οὐκ
539 3699 584 3760 ἔνι
607 3699 748 3780 θνητοῖς,
772 3697 821 3760 vel
847 3697 907 3760 οὐκ
931 3699 992 3779 ἔφυ
1017 3699 1099 3780 ἡμῖν.
1206 3697 1333 3780 οὔποτε]

117 3785 303 3867 Suspectum.
343 3785 401 3861 Qu.
426 3787 486 3850 οὐκ
510 3788 568 3860 ἔνι,
593 3793 648 3851 aut
671 3788 710 3850 οὐ
733 3786 834 3868 παρὰ,
864 3793 919 3850 aut
942 3787 1001 3849 οὐκ
1026 3785 1073 3868 ἦν.
1165 3785 1193 3847 6.
1217 3786 1332 3870 ἐσθλή]

119 3870 305 3938 llendosum.
352 3873 409 3951 Ωιι.
434 3875 489 3938 ἀεί.

199 3966 270 4047 451,
294 3965 324 4028 2.
347 3963 382 4028 τό
407 3963 436 4028 θ’
460 3965 494 4026 έν
520 3966 611 4047 μέσῳ
637 3971 694 4028 τοῦ
717 3963 743 4026 τ’
767 3965 907 4046 οὐρανοῦ
930 3989 962 4028 τε
987 3963 1045 4047 -]
1074 3965 1109 4028 τὸ
1135 3963 1221 4028 θ’.ἐν
1243 3967 1334 4048 μέσῳ

118 4050 193 4111 τοῦτ’
223 4055 294 4136 (pro
317 4056 389 4132 τοῦ)
418 4089 459 4100 -
490 4053 587 4118 Kock.
617 4055 657 4118 ad
690 4054 785 4118 Arist.
810 4055 869 4117 Av.
897 4055 990 4117 1218.
1037 4053 1147 4117 Malim
1179 4053 1213 4116 τὸ
1248 4053 1276 4117 θ’
1301 4055 1335 4117 ἐν

119 4139 201 4220 μέσῳ
223 4165 256 4222 γε
277 4143 435 4224 τούρανοῦ
457 4167 489 4206 τε
514 4179 568 4204 -.
615 4141 673 4218 Ωιι.
698 4144 835 4225 οὐρανός
856 4142 891 4207 θ’
914 4145 1010 4225 ἡμῶν
1037 4144 1117 4224 ὕπερ
1144 4141 1147 4228 ]
1172 4144 1280 4206 κοινόν
1303 4168 1335 4206 τε

120 4232 157 4308 γῆ
178 4229 297 4310 βροτῶν
324 4256 355 4296 τε
384 4232 549 4315 δαιμόνων
575 4231 609 4296 θ’
637 4233 721 4302 ἔθος·
749 4231 752 4318 ]
777 4231 860 4294 τότ’
885 4233 918 4295 ἐν
945 4233 1037 4314 μέσῳ
1064 4239 1120 4295 τοῦ
1143 4231 1169 4293 τ’
1193 4233 1334 4312 οὐρανοῦ

120 4337 148 4376 τε
179 4319 225 4382 καλ
256 4321 388 4402 χθονὸς,
419 4317 422 4406 Ι
453 4323 471 4384 δ
503 4321 563 4403 μὲν
594 4322 809 4404 ὀνομάζουσιν
840 4323 927 4403 χάος.
974 4322 1013 4384 ln
1046 4321 1163 4403 quibus
1200 4322 1335 4404 praeivit

122 4406 448 4562 {ligrltglellrLlchwDa
482 4431 558 4474 τοαε
591 4413 670 4494 χάος
702 4412 739 4474 cl.
769 4411 809 4473 ad
841 4412 936 4474 Arist.
966 4412 1025 4473 Av.
1058 4412 1128 4473 102.
1158 4411 1230 4472 002.
1261 4411 1332 4472 004.
