3294 5252
592 451 767 496 sornoours.
1254 421 1293 494 ’51

77 595 174 673 Hero.
212 606 269 684 Qu.
297 609 407 692 μῦθον
431 607 492 693 γὰρ
511 599 682 692 Ἀργολκστλ
707 610 869 694 συντέμνω
892 595 1024 694 βραχύν,
1049 610 1099 675 vel
1122 611 1230 693 μῦθος
1254 597 1295 656 ἕ-

78 699 225 780 συντέμνει
248 700 378 781 βραχύς.
423 699 597 764 'l'entabam
624 701 721 764 etiam
748 701 825 770 έθος
849 699 909 784 γὰρ
928 701 1090 783 Ἀργείοισι
1119 701 1296 782 συντέμνειν

76 787 189 869 λόγως.
236 786 316 851 Cum
335 787 507 871 Ἀργολισιλ
530 790 639 853 confer
657 789 810 872 Ἀργόλας
833 791 866 870 (1.
884 808 912 871 q.
931 790 1090 873 Ἀργεῖος).

156 877 230 939 412.
254 876 407 961 έμπερής]
432 876 477 942 01.
502 899 530 940 v.
554 878 765 962 πολυσπερής.

156 967 229 1028 414.
252 967 412 1048 θρεκτοῖσι
444 966 566 1051 νόμοις]
599 974 754 1050 κρεκιοῖσι
778 1005 820 1014 -
844 970 924 1052 conj.
952 967 1072 1032 Nauck.
1113 967 1157 1032 of.
1180 969 1294 1032 Aesch.

77 1055 144 1118 Cho.
168 1055 242 1118 822.
274 1055 407 1137 κρεκτὸν
439 1061 564 1138 γοατῶν
600 1057 702 1139 νόμον
733 1058 927 1140 μαθήσομεν.
974 1056 1066 1142 Soph.
1090 1057 1139 1121 Fr.
1164 1058 1242 1141 226,
1268 1059 1294 1120 1.

75 1143 201 1228 κροτητὰ
225 1146 388 1228 πηκτίδων
410 1146 498 1230 μέλη.
522 1145 570 1209 ΕΙ.
597 1147 668 1210 714.
692 1152 856 1230 κροτητῶν
879 1147 1040 1229 ἁρμάτων.

154 1235 218 1296 415
231 1253 257 1296 a
289 1233 444 1317 Hesychii
477 1235 583 1298 locum
621 1237 666 1299 sio
703 1236 839 1320 muigeo,
881 1235 1042 1318 Θριόζειν;
1082 1235 1294 1319 φυλλολογεῒν.

78 1320 259 1404 Θυρσάζειντ
292 1325 471 1398 ένθσυσιᾶν,
503 1325 727 1398 ένθουσιάζειν.
752 1331 808 1389 eto.
855 1325 939 1409 Ergo
968 1325 1131 1409 Sophoclis
1159 1331 1296 1390 estnon

75 1413 212 1492 θριύζειν,
239 1413 295 1477 sed
318 1413 488 1494 θυρσάζειν
512 1414 560 1495 (cf.
585 1414 681 1478 Arist
705 1414 777 1497 Lys.
804 1415 918 1494 1313.).

154 1520 217 1582 415
230 1520 260 1582 b.
284 1519 388 1584 Simili
404 1539 510 1584 errore
526 1521 626 1584 λοκλεῖ
638 1541 694 1604 pro
712 1522 811 1586 ολκλεῖ
823 1521 907 1606 apud
923 1521 1087 1586 Pollucem
1100 1522 1161 1604 (m.
1172 1523 1236 1585 415
1247 1524 1293 1603 o).

153 1609 256 1672 4150.
280 1610 458 1692 λινορραφῆ
481 1609 595 1694 τυλεῖα]
625 1609 669 1674 01.
694 1611 807 1674 Aesch.
832 1611 924 1675 Eum.
951 1612 1022 1674 134.
1046 1610 1241 1695 λινορραφής
1263 1635 1295 1674 τε

75 1697 173 1780 θύμος.
211 1699 331 1763 Confer
353 1697 513 1782 λινογενὴς
535 1699 585 1763 rr.
611 1700 683 1763 391.

153 1787 227 1850 417.
252 1787 357 1852 [ocus
380 1787 633 1853 obscurissimus.
681 1789 758 1853 Post
773 1788 872 1860 αὐλὰς
892 1791 1039 1853 lacunam
1054 1789 1176 1854 indicat
1190 1789 1294 1874 Dind.,

75 1877 220 1942 excidisse
249 1877 407 1942 nonnulla
429 1877 539 1959 verba,
571 1879 607 1942 in
639 1878 756 1960 quibus
787 1879 927 1962 χερσεύει
958 1880 1066 1962 fuerit,
1099 1881 1293 1944 existimans.

113 1967 203 2050 Apud
230 1966 432 2049 Hesychium
460 1987 516 2051 pro
540 1965 714 2050 Σοφοκλῆς
743 1969 802 2031 ἰονι
831 1973 930 2052 (supr.
955 1993 984 2032 οι
1007 1969 1047 2050 ει)
1076 1969 1295 2054 reponendum

74 2054 169 2118 forsan
191 2055 370 2138 Εὐρυτίύης
397 2053 488 2121 Οἰνεῖ.

154 2164 226 2228 418.
251 2165 272 2246 ἡ
300 2161 361 2245 μέν
392 2163 439 2234 ὡς
466 2165 481 2226 ΐ
504 2163 664 2236 θάσσονσ,
686 2163 730 2247 ld
756 2163 785 2227 θ’
809 2165 856 2235 ὡς
878 2167 1015 2230 ἲτέτοκε
1047 2166 1144 2229 παῖδα
1178 2165 1294 2250 Cobet,

76 2252 135 2332 qui,
161 2253 274 2317 “Duae
303 2258 420 2317 matres
447 2253 532 2317 inter
559 2273 592 2317 se
621 2253 857 2318 contendebant
884 2259 955 2318 utra
982 2255 1173 2319 velociorem
1200 2275 1294 2340 pepe-

75 2341 164 2406 risset.
209 2342 379 2406 Manifesto
403 2343 576 2424 requiritur
590 2343 765 2427 perlectum
788 2342 922 2407 τέτοκε.”
1011 2343 1099 2407 παῖό’
1122 2345 1142 2427 ἡ
1165 2344 1225 2426 μέν
1248 2344 1295 2416 ὡς

75 2465 110 2476 -
131 2433 215 2495 τέκοι
235 2432 352 2515 Bergk.
392 2428 449 2506 Qu.
474 2433 572 2504 ἔτεκε,
605 2432 656 2496 vel
687 2433 1098 2516 τετόκε(ρ1οτετοκοέη1].
1189 2433 1294 2516 Apoll.

75 2517 108 2582 de
123 2519 212 2584 Pron.
228 2541 259 2604 p.
280 2521 366 2584 1οΒ.
391 2520 585 2602 ἀντωνυμίαι
601 2522 795 2604 ἀνσφορικαὶ
818 2523 886 2604 ἥτε
902 2523 925 2594 ἴ,
950 2523 1002 2595 ού,
1027 2523 1070 2594 07,
1094 2523 1117 2586 ἕ.
1141 2523 1293 2586 Priscian.

76 2607 155 2672 XIII.
171 2612 198 2672 2.
217 2612 281 2692 §tt
308 2609 418 2693 ‘Apud
439 2609 577 2674 Graecos
597 2612 814 2674 nominativus
835 2611 1007 2694 supradicti
1026 2611 1237 2695 pronominis,
1260 2611 1294 2674 id

75 2703 115 2760 est
134 2701 178 2772 fr,
202 2719 295 2762 rarus
318 2699 423 2764 estin
446 2698 527 2762 usu.'
550 2699 656 2764 Etiam
679 2700 744 2783 §7
784 2701 828 2764 01.
852 2699 1045 2766 Donaldson.
1071 2701 1151 2764 Crat.
1175 2721 1204 2784 p.
1221 2701 1293 2764 171.

153 2807 225 2888 419,
252 2809 280 2868 1.
305 2806 406 2886 ὅρκου
431 2805 466 2870 dl
488 2806 732 2890 προστεθέντος]
762 2807 806 2871 01.
831 2807 878 2871 El.
902 2808 976 2870 477.
1000 2807 1128 2890 ἄγγελλε
1146 2805 1175 2870 θ’
1194 2807 1294 2891 ὅρκον

73 2896 240 2974 προστιθεὶς
264 2895 427 2959 ὁθούνεκα
449 2895 453 2978 Ι
473 2894 601 2978 τέθνηκ’
624 2893 783 2978 Ὀρέστης.
806 2897 854 2960 Tr.
869 2897 941 2959 255.
966 2897 1066 2978 ὅρκον
1086 2897 1174 2978 αύτῷ
1193 2920 1293 2979 προσ-

73 2983 172 3060 odor
203 2984 372 3067 ὀιώμοσεν.
493 2987 520 3048 2.
544 2984 732 3067 φυλάσσεται
755 3022 800 3063 -,
823 2987 855 3055 ἐς
882 2985 980 3056 θεοὺς
1012 2986 1215 3071 ἁμαρτάνειν]
1249 2987 1292 3052 01.

74 3069 179 3136 Herod.
189 3073 213 3138 Ι.
227 3075 300 3138 108.
325 3074 556 3156 φυλασσόμεθα
570 3075 656 3144 -ές
671 3075 706 3138 σέ
718 3111 762 3121 -
773 3075 875 3158 μηδὲν
896 3075 1087 3157 ἐξαμαρτεῖν.
1173 3079 1201 3139 3.
1217 3075 1293 3159 κείς]

73 3161 181 3232 καλεῖς
203 3163 245 3227 Μ.
269 3164 331 3234 κάς
354 3171 438 3228 reete
462 3163 556 3228 Dind.
592 3163 636 3228 01.
660 3162 755 3228 Dind.
779 3166 814 3228 in
837 3163 912 3228 Lex.
937 3165 1030 3247 Soph.
1053 3185 1082 3248 p.
1108 3166 1180 3228 147.

153 3271 225 3334 420.
250 3271 504 3354 ἐκκεκαρμένος]
534 3271 767 3353 έκὸεύαρμένος
794 3273 949 3354 sagaciter
971 3272 1176 3336 Herwerden.
1205 3272 1292 3356 prob.

74 3355 170 3421 Cobet.
202 3379 245 3424 cx
278 3359 434 3442 Hesychii
465 3357 572 3424 verbis
603 3361 639 3424 in
660 3360 813 3424 Σκυθιστὶ
840 3361 1079 3444 χειρόμακτρον.
1111 3363 1142 3425 οἱ
1164 3361 1294 3425 Σκύθαι

74 3449 129 3508 τῶν
162 3448 417 3532 λαμβανομένων
450 3451 484 3530 (l.
508 3449 736 3531 ἁλισκομένων)
773 3451 807 3514 ἐν
837 3452 988 3532 πολέμοις
1020 3452 1208 3533 ἀνθρώπων
1238 3451 1294 3520 τὰς

73 3537 204 3616 κεφαλὰς
231 3538 455 3619 έκύέροντες
481 3545 545 3608 τοῖς
572 3539 755 3620 δέρμασιν
783 3540 848 3602 (ivri
875 3541 1117 3622 χειρομύκτρων
1144 3541 1293 3623 ἐχρῶντο.

74 3623 220 3690 “Notatur
242 3628 332 3692 enim
354 3627 414 3692 hoo
436 3647 531 3692 versu
555 3627 706 3692 Oenonae
734 3628 904 3692 crudelitas
931 3631 967 3692 in
989 3649 1043 3693 eos
1070 3649 1150 3712 quos
1172 3630 1294 3712 Hippo-

74 3711 169 3778 damia
190 3736 289 3780 eursu
312 3717 520 3800 superesset.”
565 3717 615 3781 Ita
638 3719 734 3781 etiam
757 3718 962 3782 Herwerden.
1008 3718 1098 3782 Idem
1126 3719 1194 3802 ipse
1218 3737 1293 3782 oon-

71 3801 205 3879 jeoeram.
246 3803 310 3870 Sed
326 3813 465 3888 praestat
478 3808 585 3870 forsan
600 3807 871 3889 ἀποκεκαρμένος.
911 3807 954 3871 01.
971 3809 1067 3872 Arist.
1083 3807 1204 3872 Thosm.
1219 3809 1292 3871 838.

74 3893 199 3974 σκύφων
232 3895 508 3978 ἀποκεκαρμένην.
540 3897 619 3960 noh.
649 3897 721 3960 849.
756 3897 840 3962 Eccl.
871 3897 943 3960 724.
978 3897 1036 3960 Ατ.
1065 3898 1138 3960 806.
1185 3897 1293 3961 Possis

75 3981 159 4044 otim
181 3981 216 4046 εὖ
239 3986 447 4066 κεκαρμένος.
486 3984 531 4049 01.
555 3985 596 4048 ad
618 3985 697 4049 neh.
722 3987 795 4049 849.
886 3986 1116 4068 χειρόμακτρον
1140 3987 1292 4068 ἐκδεδαρ-

75 4069 170 4156 μένος]
194 4073 239 4138 01.
264 4074 304 4137 ad
328 4073 386 4156 Eq.
412 4074 483 4138 370.
508 4074 594 4156 δερῶ
618 4075 652 4138 σὲ
675 4074 819 4139 θύλακον
841 4076 971 4157 κλοπῆς.

154 4181 227 4260 421,
246 4181 273 4244 l.
297 4181 408 4266 λύγγα]
425 4180 539 4264 λύγκα,
556 4183 646 4264 ἴυγγα
663 4182 700 4244 al.
718 4183 806 4264 λίγγα
823 4181 959 4246 Erfurdt.
977 4183 1072 4247 Mein.
1086 4183 1166 4247 Phil.
1178 4183 1291 4248 Exere.

76 4281 104 4374 p'.
115 4267 161 4330 39.
184 4269 368 4352 Hesychius
388 4277 495 4382 tamen
518 4271 595 4353 λύγξ
617 4271 695 4352 (sie)
718 4290 776 4354 per
797 4271 889 4344 τόξον
913 4273 1059 4356 explicat.
1150 4273 1291 4354 θηρατη-

76 4354 310 4550 κκκι
327 4360 1112 4533 aeetae-3⁹isoes·
1123 4363 1292 4533 ..11η

78 4551 156 4614 ῑυγγα
179 4543 237 4600 etc.
278 4537 322 4602 01.
346 4538 470 4602 Heliod.
494 4539 582 4602 Vm.
599 4541 627 4602 5.
661 4540 802 4623 μεγάλην
834 4541 876 4610 εἰς
899 4540 1003 4604 πειθὼ
1036 4541 1179 4624 κέκτηται
1211 4540 1293 4623 πρὸς

1035 4648 1079 4712 4*
