3294 5270
320 435 385 500 352
855 457 1013 504 mmmmm
1406 437 1447 524 [p.
1471 439 1549 503 656.

316 615 473 700 λομένοις]
505 613 579 700 Leg.
601 621 720 699 ψυχαῖς
752 615 881 699 ἀνδρῶν
914 617 979 698 (out
1009 621 1129 700 ψυχαῖς
1155 617 1298 701 θνητῶν,
1331 623 1386 681 eut
1412 623 1548 701 ψυχαῖσι

316 705 452 788 βροτῶν]
476 710 540 768 τῶν
554 705 771 788 βουλομένων.
865 706 914 769 19.
930 705 1063 790 ἄθλους]
1081 705 1140 782 Qu.
1156 713 1287 788 τρανῶς.
1380 708 1429 770 12.
1446 708 1547 770 ἐκθυ-

317 793 486 879 σαμένους]
519 793 593 878 Log.
617 794 835 878 ῖλασαμένους.
875 793 918 859 Of.
941 796 1056 860 bosch.
1080 794 1187 879 Suppl.
1215 797 1286 859 117.
1313 797 1384 860 128.
1413 797 1549 878 ῖλέιυμαι

317 883 451 966 (ῖλέομαι
472 884 567 947 Turn.
591 884 719 966 ῖλάομαι
742 883 894 968 Burges).
984 883 1066 969 τίνα]
1094 886 1151 950 τίνι
1174 885 1250 948 olim
1272 885 1430 970 proposui.
1477 886 1549 948 Ali·

318 977 367 1037 ter
388 990 475 1036 nune
498 974 609 1036 sentio.

408 1080 480 1143 913.
504 1080 543 1143 V.
569 1081 596 1144 1.
624 1080 704 1165 νοεῖ]
737 1079 882 1144 Fortasse
914 1081 1112 1145 mendosum.
1208 1083 1237 1144 2.
1271 1083 1306 1152 ὃς
1328 1081 1362 1146 1.
1394 1083 1437 1152 τίς
1460 1089 1549 1146 recte

318 1167 426 1233 Cobeb
442 1169 563 1234 Nauck.
631 1169 894 1254 μετεωρολόγων]
909 1171 1163 1252 μετεωροπόίων
1179 1172 1297 1252 injuria
1311 1171 1402 1234 malit
1416 1170 1549 1255 Nauck,

318 1258 387 1321 ooli.
408 1258 571 1341 Hesycbio
586 1259 644 1323 ΠΙ.
662 1260 712 1322 99.
735 1259 1001 1342 μετεωροπόλων·
1025 1264 1090 1323 τῶν
1112 1260 1149 1323 τὰ
1174 1261 1305 1343 οὐράνια
1329 1262 1548 1324 σκοπούντων.

317 1346 480 1430 Hesychio
508 1349 613 1431 potius
635 1349 886 1432 μετεωρολόγων
913 1349 1114 1413 restituerim.
1206 1349 1248 1434 δ’]
1281 1349 1448 1413 Μ1111111θ
1472 1369 1550 1414 eum

317 1435 487 1520 Wagnero.
587 1439 617 1500 l.
650 1437 817 1522 εἰκοβολεῖ]
857 1437 999 1521 Speaks
1035 1443 1071 1501 et
1104 1439 1268 1502 random.
1308 1437 1351 1502 cf.
1375 1440 1471 1503 Arist.
1496 1440 1548 1503 Fr.

320 1523 434 1588 5491).
458 1527 693 1610 εἰκοβοίοῦντες
715 1527 770 1591 καὶ
792 1527 982 1598 πλάττοντες.
1007 1527 1111 1610 Εἰγιη.
1133 1527 1174 1590 M.
1198 1548 1227 1611 p.
1244 1529 1318 1610 297,
1335 1529 1385 1592 32.
1455 1530 1483 1590 5.
1508 1530 1550 1593 In

317 1613 383 1680 fine
406 1616 624 1700 interrogandi
645 1622 755 1680 nolam
777 1617 940 1700 posuerim
954 1617 1061 1701 potius
1077 1636 1173 1699 quem
1190 1622 1260 1700 post
1275 1618 1397 1688 ἀπάτας
1419 1619 1454 1680 in
1471 1639 1500 1680 τ.
1518 1619 1549 1680 3.

409 1723 482 1786 914.
504 1724 544 1788 V.
570 1724 597 1786 1.
621 1723 725 1787 κακὸν
753 1729 886 1807 γυναῖκα
914 1724 996 1806 πρὸς
1018 1725 1091 1787 νέον
1111 1726 1221 1798 ζεῦξαι
1243 1724 1328 1809 νέαν]
1355 1731 1467 1808 γραῖαν
1490 1749 1549 1806 γυ-

318 1817 410 1876 ναῖκα
434 1811 516 1894 πρὸς
539 1814 611 1876 νέον
635 1815 741 1887 ζεῦξαι
764 1812 867 1877 κακόν
890 1811 969 1876 Seal.
1008 1811 1082 1897 Log.
1105 1813 1209 1877 κακὸν
1229 1815 1359 1896 γέροντα
1375 1814 1457 1896 πρὸς
1472 1815 1551 1878 νέαν

319 1903 426 1975 ζεῦξαι
448 1902 550 1986 κόρην
573 1906 640 1981 (aut
662 1903 734 1965 νέον
758 1904 864 1976 ζεῦξαι
886 1902 1002 1984 λέχος),
1035 1902 1086 1966 vel
1118 1901 1222 1966 κακόν
1254 1903 1289 1966 δὲ
1321 1911 1434 1986 γραῖαν
1464 1905 1551 1987 πρὸς

318 1991 390 2054 νέον
414 1991 520 2064 ζεῦξαι
543 1991 633 2074 λέχος
657 1993 722 2074 (aut
744 1993 855 2070 πόσιν).
895 1991 940 2055 Of.
963 1992 1031 2055 Tro.
1057 1993 1130 2056 671.
1155 1992 1191 2055 τό
1214 1993 1404 2074 παρθένειον
1427 1994 1550 2066 ἰζεύξω

318 2080 417 2162 λέχος.
440 2079 508 2143 Ion.
533 2080 606 2143 901.
639 2082 688 2144 ἴνα
720 2105 762 2164 με
793 2081 912 2164 λέχεσιν
944 2081 1072 2154 ἐζεύξω.
1119 2079 1199 2144 Cum
1228 2082 1288 2144 boo
1310 2083 1485 2165 fragmento
1511 2083 1550 2145 cf.

318 2167 393 2231 Eur.
418 2170 469 2251 24,
495 2170 522 2232 1.
555 2169 657 2233 κακδν
690 2176 822 2252 γυναῖκα
855 2169 937 2252 πρὸς
969 2171 1043 2233 νέαν
1075 2171 1181 2244 ζεῦξαι
1213 2173 1293 2235 νέον.
1340 2171 1432 2248 Quod
1460 2171 1551 2235 baud

319 2257 416 2322 dubie
438 2258 525 2322 idem
546 2259 759 2342 fragmentum
782 2264 837 2324 θεῖ
861 2259 913 2323 Ex
936 2259 1037 2324 Aeolo
1060 2259 1175 2323 fabule.

409 2365 482 2428 916.
505 2365 545 2428 V.
572 2367 599 2429 1.
623 2365 762 2450 θνητοῖς]
786 2365 897 2429 Malim
913 2367 1050 2449 θνητῶν.
1142 2369 1170 2432 2.
1194 2367 1244 2430 ἐπὶ
1259 2365 1362 2454 παντὶ]
1387 2367 1437 2432 ἰπὶ
1452 2374 1553 2432 πᾶσιν

318 2453 551 2518 11111111Ν1111011.
592 2453 650 2530 Qu.
679 2457 712 2518 έν
739 2461 815 2519 πᾶσι
844 2461 900 2519 aut
928 2457 970 2526 εἰς
997 2457 1107 2520 πάντα.
1198 2459 1227 2521 4.
1256 2459 1336 2520 ἔστιν
1359 2456 1451 2540 ὅρος]
1476 2460 1551 2522 ἔσθ’

319 2543 421 2626 ὅρμος
454 2543 659 2628 probabiliter
691 2545 723 2608 F.
749 2544 784 2609 8.
809 2543 959 2609 Schmidt.
1067 2547 1095 2608 5.
1127 2545 1260 2631 τελέσαι]
1298 2547 1405 2610 κέλσαι
1439 2548 1551 2612 Herw.

317 2631 439 2697 Nauck.
530 2632 669 2718 θνητοῖς]
693 2633 832 2717 θνητοὺς
855 2640 939 2698 reete
963 2634 1099 2699 Grotius.

408 2740 481 2803 917.
505 2739 543 2802 V.
563 2742 589 2803 1.
614 2741 682 2805 ὅσοι
699 2740 728 2805 δ’
745 2742 894 2824 ἰατρεύειν
917 2742 1035 2827 καλῶς]
1060 2743 1130 2806 ὅσοι
1145 2743 1260 2814 νόσους
1275 2744 1423 2807 θέλουσιν
1438 2745 1552 2808 ἰᾶσθαι

318 2829 426 2900 καλῶς
447 2829 653 2914 probabiliter
675 2831 708 2895 F.
734 2830 769 2894 8.
794 2830 944 2895 Schmidt.
1037 2834 1065 2893 2.
1090 2830 1133 2895 Of.
1159 2834 1279 2913 759,1.
1303 2832 1385 2916 πρὸς
1406 2832 1462 2904 τὰς
1484 2835 1552 2916 ᾳιύ

318 2943 381 2990 σεις
404 2919 465 3002 χρὴ
498 2919 552 2982 καὶ
582 2919 620 2983 τὰ
652 2920 823 3002 πράγματα
855 2927 985 2984 σκοπεῖν
1010 2918 1013 3006 ]
1039 2921 1093 2984 καὶ
1119 2919 1174 2992 τὰς
1203 2922 1320 2992 διαίτας
1346 2928 1410 2986 τῶν
1434 2929 1554 2987 κακῶν

318 3032 350 3072 τε
372 3008 538 3090 κάγαθῶν.
571 3011 646 3094 812,
670 3011 698 3072 6.
732 3011 775 3080 εἰς
798 3009 916 3091 ἀνδρὸς
944 3011 1039 3093 φύσιν
1064 3007 1068 3096 ]
1093 3016 1227 3075 σκοπῶν
1253 3011 1372 3075 δίαιτάν
1394 3012 1428 3076 θ’
1452 3013 1552 3096 ἥντιν’

318 3099 510 3180 ἡμερεύεται.
602 3100 630 3160 3.
659 3099 714 3181 τὴν
743 3106 801 3181 γῆν
829 3097 969 3182 ἰδόντας]
1002 3099 1058 3182 τὴν
1091 3106 1150 3182 γῆν
1173 3099 1229 3180 (τ’)
1253 3101 1363 3164 Valok.
1402 3099 1554 3167 Fortasse

318 3191 411 3250 reolo.
447 3187 503 3251 τόν
534 3193 612 3251 νοῦν
644 3189 773 3270 ἔχοντας
804 3188 1008 3252 Herwerden.
1054 3189 1165 3253 Malim
1197 3190 1253 3272 τὴν
1286 3197 1344 3273 γῆν
1375 3191 1554 3273 βλέποντας

319 3281 375 3340 aut
396 3276 452 3359 τὴν
476 3283 534 3360 γῆν
557 3277 591 3340 θ’
616 3277 766 3359 δρῶντας.
806 3278 850 3341 Of.
875 3279 948 3359 292,
973 3280 1001 3342 2.
1034 3278 1116 3361 πρὸς
1147 3278 1203 3363 τὴν
1230 3279 1325 3343 νόσον
1348 3304 1395 3343 τοι
1418 3280 1555 3344 καὶτὸν

319 3364 426 3448 ἰατρὸν
449 3364 555 3449 χρεὼν
580 3361 583 3452 ]
609 3365 703 3430 ἰδόντ’
737 3367 889 3430 ἀκεῖσθαι.
924 3368 997 3450 812,
1022 3368 1050 3430 6.
1083 3369 1126 3437 εἰς
1154 3369 1270 3450 ἀνδρὸς
1293 3369 1389 3450 φύσιν
1410 3369 1552 3452 βλέπων.

319 3453 401 3518 Med.
428 3456 522 3518 1166.
544 3456 658 3519 τένοντ’
682 3456 714 3526 ές
738 3456 839 3538 όρθὸν
867 3457 989 3538 ὄμμασι
1012 3458 1226 3540 σκοπουμένη.
1273 3457 1335 3522 Sed
1359 3458 1447 3522 aliud
1471 3461 1553 3541 quid

319 3545 418 3608 latero
441 3545 584 3628 suspicor
615 3546 649 3607 in
681 3544 787 3609 verbis
814 3544 935 3628 τὴν-
959 3546 1082 3616 νόσους.
1172 3547 1227 3618 τὰς
1248 3547 1380 3632 νόσους]
1407 3547 1462 3618 τὰς
1485 3551 1551 3630 ψύ-

319 3657 382 3704 σεις
409 3634 442 3698 11.
467 3633 503 3697 G.
527 3633 678 3698 Schmidt.
722 3633 831 3698 Malim
868 3635 922 3698 καλ
949 3635 1059 3718 ψύσεις
1086 3641 1141 3700 aut
1172 3637 1227 3699 καί
1259 3636 1362 3718 φύσιν.
1402 3637 1447 3701 Of.
1472 3637 1552 3702 Eur.

320 3725 394 3806 812,
419 3723 447 3786 6.
480 3725 523 3794 εἰς
555 3723 673 3806 ἀνδρὸς
700 3725 795 3806 φύσιν
821 3720 824 3811 ]
850 3729 982 3789 σκοπῶν
1006 3732 1063 3789 oto.
1089 3727 1161 3809 759,
1187 3727 1214 3787 2.
1247 3725 1329 3808 πρὸς
1355 3726 1411 3797 τὰς
1438 3727 1553 3809 φύσεις

319 3811 381 3897 χρὴ
414 3812 469 3876 καλ
500 3812 536 3876 τὰ
569 3814 739 3896 πράγματα
773 3820 903 3877 σκοπεῖν
935 3819 992 3878 oto.
1106 3814 1246 3899 σκοπεῖν]
1285 3815 1553 3881 Gonnoctendum

320 3921 394 3966 oum
415 3901 497 3985 πρὸς
519 3902 574 3972 τὰς
598 3903 714 3973 διαίτας
737 3904 771 3966 in
795 3925 823 3966 τ.
849 3904 876 3966 1.
966 3903 1148 3988 Hippocrab
1165 3924 1212 3988 ap.
1230 3903 1325 3969 Olem.
1344 3906 1399 3968 καὶ
1413 3907 1554 3978 νούσους

321 3992 447 4074 (ψυσίας
471 3995 526 4056 aut
548 3993 684 4074 ψύσινλ).

411 4100 483 4162 918.
507 4099 546 4162 V.
573 4099 600 4162 1.
624 4099 645 4162 ὅ
665 4124 692 4162 τι
714 4099 776 4183 χρὴ
800 4098 865 4183 καὶ]
891 4097 949 4175 Qu.
973 4100 994 4163 ὅ
1014 4125 1041 4163 τι
1063 4100 1180 4183 χρῄζει.

232 4243 234 4248 ,
411 4189 483 4252 919.
506 4188 546 4251 V.
572 4188 598 4251 l.
624 4188 668 4252 Of.
693 4190 765 4272 941,
790 4191 818 4251 2.
852 4190 931 4272 ὁρᾷς
961 4189 1016 4253 τόν
1047 4191 1135 4272 ὑψοῦ
1167 4191 1252 4254 τόνδ’
1275 4191 1406 4273 ἄπειρον
1433 4193 1552 4274 αἰθέρα

320 4277 375 4342 καλ
398 4285 457 4362 γῆν
479 4279 571 4361 πέριξ
593 4277 702 4360 ἔχονθ’
725 4278 835 4360 ὑγραῖς
858 4279 892 4341 ἐν
908 4279 1067 4360 ἀγκάλαις.
1158 4281 1229 4360 περὶ
1251 4279 1333 4344 libri.
1357 4281 1449 4362 πέριξ
1464 4289 1552 4346 reolo

319 4367 417 4431 Mein.
457 4365 499 4431 Of.
523 4368 600 4432 Hoc.
627 4369 720 4431 1209.
754 4369 805 4430 ὅτε
836 4369 927 4450 πέριξ
962 4370 1084 4451 πύργος
1116 4369 1172 4452 εἶχ’
1206 4371 1246 4433 ἔτι
1278 4369 1393 4434 πτόλιν.
1429 4368 1551 4435 Phoen.

322 4457 417 4520 1321.
450 4460 490 4539 ἣν
521 4458 612 4540 πέριξ
639 4459 701 4540 ἔχει
724 4458 820 4539 νέψος
844 4464 900 4521 elo.
929 4459 1028 4522 Andr.
1054 4460 1127 4522 265.
1156 4461 1184 4522 εἰ
1208 4461 1299 4542 πέριξ
1325 4459 1354 4522 α’
1378 4461 1440 4541 ἔχει
1467 4455 1471 4546 ]
1496 4461 1551 4542 τή-

321 4569 395 4617 κτος
416 4547 588 4629 μόλυβδος.
620 4547 735 4612 Baooh.
760 4548 832 4609 293.
865 4553 921 4610 τοῦ
953 4547 1047 4630 χθόν’
1080 4549 1335 4632 ἐγκυκλουμένου
1369 4545 1373 4635 ]
1407 4549 1551 4632 αἰθέρος.
