3320 5250
330 415 392 479 150
856 431 1021 479 mmmm.

326 593 421 656 τικόν.
462 592 506 656 00.
534 591 803 674 Hipp.3.1053.
836 591 930 656 Herc.
955 592 1028 654 234.
1052 591 1205 654 Androm.
1229 588 1278 653 11.
1303 592 1331 653 2.
1425 593 1538 671 τηροῦσι

328 681 425 746 (ilem.
449 687 606 764 φρουρῶν
629 681 724 745 schol.
749 682 845 745 Arist.
869 687 901 745 et
924 680 1010 744 Suid.
1050 678 1108 756 Qu.
1132 684 1319 762 φρουροῦσι.

418 772 490 834 598.
513 771 624 840 πέδαις
647 767 879 852 ἀχοίκεύτοισι]
913 769 957 833 01.
981 769 1095 833 Aescb.
1120 769 1194 832 0110.
1218 770 1292 831 493.
1320 767 1430 838 πέδαις
1455 767 1538 848 ἀχαλ-

326 861 456 930 κεύτοις.
489 857 582 942 Soph.
606 859 655 922 ur.
680 859 753 922 640.
782 859 958 941 ἀχάλκευτα
985 859 1136 939 τρύπανα.
1177 856 1234 932 Qu.
1263 857 1373 927 αἰδοῦς
1401 857 1538 938 ἀχαλκεύ-

327 973 423 1013 τοισιν
450 951 594 1023 ἔζευκται
621 949 739 1018 πέδαις.
830 948 988 1012 Plutarch.
1016 947 1094 1011 Mor.
1117 967 1146 1030 p.
1172 947 1212 1011 96
1226 947 1259 1010 0.
1287 947 1334 1016 ὡς
1365 944 1484 1029 Θησεὺς
1504 951 1541 1024 τῷ

328 1037 475 1120 Πειρίθῳ
498 1038 707 1119 κολαζομένῳ
730 1041 793 1117 (qu.
817 1043 872 1100 τοῦ
896 1035 1053 1119 Πειρίθου
1076 1037 1315 1117 κολαζομένου).

418 1128 490 1190 599.
515 1126 559 1190 00.
576 1124 668 1210 Soph.
685 1125 734 1189 Fr.
751 1125 825 1189 436.
848 1126 923 1189 11111.
939 1127 1007 1209 lph.
1024 1126 1062 1189 11
1082 1126 1175 1188 1262.
1199 1129 1311 1194 κακῶς
1335 1126 1393 1208 ζῆν
1410 1129 1541 1205 κρεῖσσον

329 1219 348 1300 ή
372 1217 481 1280 θανεῖν
504 1216 620 1285 καλῶς.
711 1215 771 1278 οὐκ
794 1214 853 1279 οὖν
870 1213 944 1298 -,·]
969 1215 1079 1279 Malim
1101 1215 1222 1278 ούκοῦν
1245 1251 1301 1274 -.

419 1305 492 1385 600,
518 1307 545 1367 1.
569 1305 687 1388 τρόπος
711 1305 746 1369 δὲ
769 1305 837 1369 οοό.
860 1305 962 1367 Trine.
986 1304 1073 1387 preb.
1090 1305 1195 1368 Herw.
1219 1303 1452 1386 ἀσφαλέστερον
1466 1301 1542 1364 malit

328 1397 422 1459 idem.
512 1395 542 1457 4.
566 1394 675 1476 ῥήτωρ
704 1394 830 1457 δύναιτο
855 1431 896 1438 -
920 1393 1015 1474 λόγος
1037 1391 1220 1477 ταράσσων]
1244 1393 1339 1474 λόγος
1363 1393 1540 1456 δύναιτο-

329 1486 437 1566 ῥήτωρ
460 1483 628 1565 ταράσσων
653 1484 881 1565 tromposuerit
904 1481 1011 1546 Cobet.
1057 1482 1162 1546 Recte.
1230 1482 1335 1563 λόγοις
1358 1481 1440 1544 libri.
1462 1480 1543 1560 λόγος

329 1573 424 1637 Mein.
448 1571 543 1636 Dind.
565 1570 685 1635 Nauck.
731 1572 923 1636 Revoeanda
946 1571 1099 1635 librorum
1122 1571 1230 1653 lectio,
1253 1577 1374 1634 etcum
1390 1571 1543 1652 ταράσσον
1647 1624 1649 1639 ,

330 1661 587 1726 subaudiendum
610 1662 726 1743 ῥήτωρ.

418 1751 491 1832 601
519 1751 545 1812 1.
569 1751 629 1814 οὐκ
654 1751 846 1833 ἀγυμνάστῳ
878 1750 970 1832 φρενὶ
995 1747 999 1835 ]
1024 1748 1166 1833 ἔρριψεν]
1198 1749 1288 1814 Haec
1315 1768 1382 1812 non
1404 1749 1542 1831 intelligo.
1646 1747 1650 1800 ‘ff

375 1841 404 1901 2.
428 1838 570 1923 ἔρριψεν]
595 1837 653 1914 Qu.
677 1839 840 1922 ἐχρήσαθ’.
953 1837 1038 1902 τόνδ’
1061 1839 1214 1903 έκαίνισεν
1236 1837 1344 1922 λόγον]
1374 1839 1419 1903 00.
1442 1838 1542 1902 Aesch

330 1930 389 2012 Ag.
416 1929 509 1992 1011.
538 1929 679 1992 καίνισον
707 1929 811 2011 ζυγόν.
841 1928 915 1992 01111.
939 1930 1014 1992 492
1039 1930 1187 2038 μέμνησο
1213 1927 1242 1990 δ’
1266 1921 1543 2010 ἀμφίβληστρον
1520 1949 1544 1988 ω

329 2043 349 2082 σ
351 2017 547 2081 ’ἐκαίνισαν
640 2019 667 2080 3.
692 2019 738 2088 ὡς
761 2017 868 2101 τοῖσιν]
891 2023 986 2080 πᾶσιν
1010 2017 1070 2099 γὰρ
1094 2017 1384 2082 1111111111011462.

419 2107 493 2169 604.
516 2105 635 2189 Μήδει’
667 2108 745 2189 ἄγος
780 2106 840 2189 μὲν
877 2107 1023 2190 δώμασιν
1060 2113 1257 2188 τυραννικοῖς
1288 2105 1321 2168 11.
1346 2105 1544 2170 (1.80111111111

331 2197 406 2260 Post
393 2195 557 2278 1Μήδεια
579 2197 705 2278 virgula
727 2196 996 2278 distinguendum.

419 2285 492 2348 605.
516 2285 545 2348 τί
565 2291 673 2368 χρῆμα
698 2284 846 2368 όράσασ’,·
870 2287 937 2348 εἰπέ
954 2309 1014 2387 μοι
1037 2309 1111 2367 σαφ.
1136 2283 1168 2347 N.
1185 2285 1221 2348 G.
1238 2283 1389 2348 Schmidt.

420 2375 535 2456 6061
540 2374 648 2438 Post
636 2375 827 2457 1βούλομαι
842 2375 959 2457 plene
951 2395 986 2437 m
988 2375 1251 2457 torpungendum.
1344 2376 1372 2438 2.
1395 2375 1441 2457 μὴ
1462 2374 1545 2436 πλέον

329 2463 443 2533 παιδὸς
470 2462 612 2576 φρονεῖν]
646 2461 704 2539 Qu.
730 2464 779 2526 δεῖ
803 2487 837 2526 σε
864 2471 938 2533 παῖς
965 2465 1055 2534 ὅπως
1083 2470 1220 2546 φρονεῖν.
1317 2463 1393 2526 ὅταν
1415 2464 1529 2545 μὲν·
1496 2459 1544 2542 -l

331 2551 475 2628 011111
499 2553 538 2615 ἂν
563 2589 603 2596 -
708 2552 816 2636 πλέον]
841 2553 928 2616 πλέω
953 2553 990 2615 al.
1081 2555 1111 2615 4.
1135 2552 1212 2617 Post
1235 2553 1263 2616 11.
1280 2574 1307 2615 1.
1331 2553 1478 2616 nonnihil
1500 2571 1546 2616 ex·

331 2643 445 2706 cidisse
470 2641 550 2705 vidit
574 2641 710 2704 Grotius.

420 2732 493 2794 601.
517 2730 599 2812 πρὸς
626 2733 739 2812 κέντρα
765 2731 822 2814 --]
860 2731 884 2794 l.
907 2751 935 2812 q.
967 2731 1012 2813 μή
1047 2731 1203 2804 ἀντέτεινε,
1235 2731 1280 2814 μή
1313 2731 1429 2813 μάχου.
1477 2731 1547 2794 Cou-

331 2822 462 2884 structio
486 2818 568 2902 πρὸς
590 2819 626 2882 τό
649 2821 893 2903 σημαινόμενον.
932 2821 976 2885 00.
993 2821 1107 2884 Bacch.
1126 2823 1198 2883 194.
1221 2819 1303 2902 πρὸς
1325 2822 1438 2902 κέντρα
1453 2819 1546 2882 λακτί-

331 2911 415 2991 ζοιμι
438 2908 555 2991 θνητὸς
578 2911 625 2972 ὢν
648 2910 726 2990 θεῷ.
816 2916 880 2978 τοῖς
902 2910 1054 2990 κρατοῦσί
1067 2909 1138 2996 σου]
1163 2907 1244 2972 Nori.
1268 2915 1344 2972 τοῖσι
1367 2910 1526 2991 κρείσσοσι.
1649 2963 1650 2982 ,

422 2997 495 3075 608,
522 2999 548 3060 1.
573 2997 714 3082 ἔσχατον]
733 2997 790 3076 Qu.
807 2999 955 3081 ἐσχάτως.
988 2999 1076 3062 Idem
1093 2999 1206 3062 suadet
1221 2999 1341 3062 Nauck.
1409 2999 1443 3061 τὸ
1458 2997 1489 3060 δ’
1502 2995 1547 3078 -·]

332 3085 390 3161 Qu.
423 3087 451 3149 τί
482 3085 511 3150 δ’
541 3125 580 3132 -—
609 3089 769 3169 τυραννίς,·
891 3089 919 3150 2.
956 3089 1016 3170 οὐχ
1052 3089 1156 3169 εὕροις
1192 3086 1247 3171 ἄν]
1287 3087 1371 3168 Lego
1409 3087 1478 3150 οὐδ’
1502 3123 1548 3143 -.

377 3177 405 3238 3.
429 3177 541 3257 φίλους
563 3201 594 3238 τε
617 3177 751 3258 πορθεῖν
778 3175 832 3240 καὶ
859 3183 1061 3240 κατακτανεῖν
1089 3175 1205 3260 χρεών]
1234 3177 1340 3248 πόλεις
1367 3202 1399 3240 τε
1426 3177 1549 3258 πορθεῖν

332 3263 385 3328 καῖ
417 3265 528 3348 φίλους
559 3271 681 3328 κτανεῖν
709 3266 814 3348 χρεών
837 3267 917 3348 conj.
933 3265 1053 3328 Nauck.
1078 3265 1189 3348 φίλους
1213 3265 1273 3348 γὰρ
1297 3267 1397 3330 ὠθεῖν
1420 3269 1439 3348 ἢ
1462 3287 1547 3328 κατα-

332 3361 453 3417 κτανεῖν
469 3354 574 3437 χρεὼν
589 3353 622 3416 N.
640 3355 675 3418 0.
693 3355 843 3418 Schmidt.
867 3355 978 3437 φίλους
993 3354 1019 3416 τ’
1036 3355 1180 3418 ἀπωθεῖν
1197 3392 1238 3399 -
1256 3355 1380 3418 11111110.
1463 3376 1548 3418 κοτα-

331 3443 464 3526 κτανεῖν]
489 3445 600 3526 φίλους
623 3450 745 3506 κτανεῖν
761 3445 840 3526 conj.
858 3444 949 3507 idem.
1041 3445 1070 3506 4.
1094 3443 1246 3527 πλεῖστος]
1269 3445 1438 3526 χρηστούς·
1456 3444 1549 3527 φόβος

332 3534 393 3615 γάρ
417 3533 477 3595 ἐστι
502 3570 542 3578 -
568 3534 648 3615 conj.
672 3532 822 3596 Schmidt.
870 3533 998 3613 Corrigo
1022 3533 1095 3595 ἐπεί.
1141 3533 1230 3596 ldom
1254 3535 1334 3617 conj.
1360 3533 1478 3596 Nauck.

422 3622 495 3702 609,
522 3623 548 3684 l.
572 3621 608 3684 τό
632 3622 733 3706 θεῶν]
771 3622 815 3686 cf.
840 3620 932 3704 Soph.
957 3622 1005 3685 11.
1031 3623 1103 3684 129.
1136 3623 1286 3703 θνήσκειν
1317 3623 1372 3685 καὶ
1400 3623 1436 3686 τὰ
1464 3623 1549 3685 θεῶν.

376 3711 469 3782 ἄδικ’,
498 3712 531 3773 ἐν
560 3711 759 3791 ἀνθρώποισι
792 3710 843 3794 δέ]
882 3711 990 3784 ἄδικα,
1027 3712 1083 3773 τάν
1113 3713 1253 3793 βροτοῖσι
1289 3712 1323 3774 δὲ
1356 3711 1551 3794 probabiliter

332 3802 412 3882 conj.
437 3798 557 3863 Nauck.
604 3800 714 3862 lilalim
729 3801 837 3872 ἄδικα,
854 3801 1057 3881 τάνθρώπεια
1075 3801 1117 3862 δε.
1156 3800 1264 3864 Possis
1284 3802 1380 3864 ctiam
1398 3839 1439 3846 —
1456 3801 1550 3867 ἄδικα,

331 3889 536 3970 τάνθρώπων
560 3887 589 3950 δ’
605 3889 652 3950 ἀεὶ
671 3886 674 3975 ]
693 3895 750 3952 cio.
842 3891 870 3950 2.
894 3888 1016 3972 κακοῖς]
1041 3894 1152 3958 κακῶς
1175 3891 1255 3972 conj.
1279 3888 1400 3952 Nauck.

424 3977 497 4039 610.
527 3979 557 4040 οἱ
584 3977 737 4062 διδόντες]
774 3978 948 4042 “Parentes
982 3979 1035 4060 qui
1064 3978 1162 4040 filiam
1190 3979 1315 4042 elocant
1348 3985 1489 4062 speohmt
1515 3975 1550 4038 ad
1648 3965 1649 3968 ¹

333 4065 491 4130 divitiao.’'
524 4067 653 4146 (Herw.)
708 4065 766 4141 Qu.
802 4066 1010 4137 ούκδιδόντες.
1060 4067 1121 4130 Vol
1155 4068 1254 4150 ὁρῶσι
1287 4068 1476 4151 κηδεύοντες
1504 4101 1549 4124 -.

333 4156 377 4220 Of.
402 4153 451 4219 Nr.
477 4157 549 4236 399,
574 4158 602 4218 3.
625 4155 746 4237 μᾶλλον
771 4157 805 4219 δὲ
828 4156 999 4239 κηδεύσασι
1026 4162 1089 4226 τοῖς
1117 4157 1307 4238 εὐδαίμοσιν.
1422 4157 1459 4219 τὰ
1481 4155 1550 4238 χρή·

332 4243 428 4328 ματα]
452 4245 489 4307 τὰ
512 4246 660 4328 λήμματα
689 4243 721 4308 F.
747 4245 781 4308 0.
806 4245 956 4310 Schmidt.
1007 4243 1069 4308 Sed
1098 4247 1134 4309 cf.
1164 4246 1287 4309 helian.
1314 4245 1352 4309 N.
1377 4247 1414 4308 A.
1440 4245 1550 4330 Epilog-

332 4340 397 4398 τῶν
420 4335 463 4404 εἶς
485 4336 632 4417 χρήματα
656 4335 816 4415 ὁρώντων.

423 4424 497 4506 611,
522 4425 550 4485 l.
583 4425 616 4486 ἕν
648 4430 724 4486 τοῖσι
755 4424 815 4505 μὲν
848 4425 991 4487 δεινοῖσιν
1023 4425 1139 4505 ὠφέλει
1172 4424 1265 4505 φίλον
1293 4423 1325 4487 F.
1350 4424 1385 4487 G.
1409 4421 1551 4488 Schmidt

334 4511 392 4589 Qu.
417 4511 450 4576 ἓν
473 4519 549 4576 τοῖσι
571 4513 631 4596 μὲν
655 4512 780 4576 δεινοῖσι
803 4519 933 4596 τιμῶσιν
956 4513 1080 4596 φίλους,
1106 4520 1160 4575 aut
1183 4551 1223 4559 -
1250 4513 1394 4578 δεινοῖσιν
1417 4515 1474 4577 είσι
1494 4515 1551 4573 τῶν
