3320 5250
637 399 803 456 resumis.
1270 379 1333 443 103
1358 401 1362 406 ·

107 561 154 624 Fr.
179 561 258 646 991,
283 563 311 624 2.
345 557 426 630 Ζεὺς
456 559 511 624 καί
542 557 613 623 θεοί
648 557 774 642 βρότεια
806 557 986 630 λεύσσοντες
1017 558 1118 642 πάθη.
1209 561 1238 621 2.
1262 559 1333 623 ὅσαι

105 650 148 734 τε]
171 650 243 714 ὅσαι
267 651 302 714 δὲ
324 655 410 715 reete
434 649 589 714 Clemens.

192 741 267 822 211,
293 740 320 802 l.
344 740 373 803 εἰ
393 745 469 810 νοῦς
492 741 614 803 ἔνεστιν.
640 736 695 821 -]
728 737 774 802 Of.
801 736 851 801 Fr.
876 738 948 801 552.
980 743 1059 801 νοῦν
1090 735 1151 821 χρὴ
1184 739 1331 802 θεᾶσθαι.

105 835 167 892 ποῦ
192 828 248 892 ὀτί
270 836 326 912 τῆς
348 830 524 911 εὐμορφίας
550 823 554 914 t
576 828 705 911 ὄφελος,
738 827 813 892 ὅταν
834 851 879 898 τις
899 827 945 911 μὴ
975 827 1030 910 (μὴ
1058 827 1113 898 τὰς
1140 828 1190 904 ul.)
1213 829 1332 911 φρένας

106 917 202 989 καλὰς
226 919 301 1002 ἔχη,·
391 921 420 981 2.
444 919 473 981 εἰ
491 918 537 1001 μὴ
562 955 604 964 -
628 917 711 1001 ἔχοι]
736 919 775 1000 ἢν
797 912 842 1001 μὴ
869 953 910 962 -
934 919 990 1000 ἔχη
1015 923 1100 981 recte
1122 916 1245 981 Nauck.

193 1009 268 1090 212,
292 1009 321 1070 2.
345 1007 390 1092 ἐν]
414 1008 464 1070 ἐπ’
480 1006 603 1090 Ptlugk.
624 1005 719 1070 Dind.
734 1006 856 1071 Nauck.
946 1005 1240 1090 ἐκπεπληγμένους]
1264 1007 1331 1070 Ma-

109 1097 160 1160 lim
193 1097 418 1180 ἐπτοημένους.
466 1095 524 1172 Ωιι.
556 1097 727 1178 λέκτροισιν
759 1097 899 1178 αἰσχροῖς
930 1093 1016 1159 εἶδον
1047 1095 1330 1178 ἐμπατλεγμένους.

149 1187 176 1249 3.
199 1185 350 1269 ἅσμενος]
375 1185 434 1262 Ωιι.
457 1184 551 1256 αὖθις
574 1184 628 1260 αὖ,
653 1205 754 1267 quum
777 1186 921 1269 proxime
944 1191 1097 1267 sequatur
1119 1185 1214 1268 ἥσθη.

191 1276 265 1338 213.
290 1275 391 1359 κῆδος
413 1273 491 1340 καθ’
515 1274 611 1340 αὑτὸν
635 1273 694 1358 -]
718 1275 763 1339 ef.
787 1275 900 1339 Aesch.
924 1274 1029 1338 Prom.
1045 1273 1120 1338 890.
1143 1273 1190 1346 ὡς
1212 1273 1247 1338 τὸ
1270 1299 1329 1359 κη-

107 1365 209 1428 δεῦσαι
233 1363 312 1428 καθ’
336 1363 447 1428 ἑαυτὸν
470 1365 621 1447 ἀριστεύει
642 1371 770 1446 μακρῷ.

191 1454 266 1538 214,
290 1455 320 1518 2.
344 1454 469 1518 ἐσθλῶν
496 1452 551 1516 ἀπ’
574 1453 704 1534 ἀνδρῶν
730 1453 812 1518 libri.
847 1452 902 1534 (ef.
927 1451 975 1516 Fr.
1001 1453 1051 1516 76.
1075 1451 1104 1516 ὦ
1126 1459 1188 1516 ποῖ
1206 1452 1329 1536 Κρέον-

107 1567 168 1616 τος,
200 1543 247 1614 ώς
280 1543 399 1625 ἀληθὲς
435 1542 474 1626 ἦν
510 1544 573 1626 ἄρα
599 1539 602 1628 ]
628 1543 753 1606 ἐσθλῶν
793 1542 849 1605 ἀπ’
878 1542 1007 1626 ἀνδρῶν
1039 1542 1136 1606 ἐσθλὰ
1170 1543 1330 1624 γίγνεσθαι

106 1634 201 1696 τέκνα.
241 1633 288 1698 cf.
312 1633 352 1696 ad
374 1631 450 1696 Her.
475 1632 561 1711 299.)
592 1632 717 1695 ἐσθλῶν
753 1630 808 1694 ἀπ’
841 1632 952 1714 ἀρχῶν
987 1631 1083 1696 Mein.
1116 1633 1242 1697 ἐσθλῶν
1273 1631 1329 1695 ἀπ’

108 1721 224 1804 ἀμφοῖν
246 1724 329 1805 conj.
352 1722 473 1786 Nauck.
502 1722 627 1786 ἐσθλῶν
654 1721 710 1784 ἀπ’
738 1721 867 1785 ἀλόκων
893 1721 1000 1786 Herw.
1028 1721 1109 1800 (coll.
1132 1721 1252 1786 Phoeu.
1279 1723 1328 1785 18.

107 1812 577 1976 elffieeltllltl‘tll
588 1810 869 1982 11111113.
876 1812 971 1964 1111)
968 1811 1330 1981 &diffidit

108 1988 157 2051 ἀπ’
180 1990 311 2074 ἀμφοῖν.
350 1990 394 2054 cf.
418 1990 467 2054 Fr.
492 1991 565 2072 524,
590 1992 618 2053 3.
641 1995 673 2053 et
694 1989 859 2054 Thecdect
883 1989 931 2054 lu.
957 1990 985 2072 3,
1011 1990 1038 2052 1.

190 2080 264 2161 215,
292 2081 319 2143 1.
343 2080 382 2144 οῦ
406 2081 467 2162 γάρ
489 2078 560 2142 ποτ’
576 2079 677 2160 ἄνδρα
695 2077 753 2162 -]
778 2076 837 2154 Ωιι.
861 2079 921 2142 οῦκ
938 2078 1032 2158 (οὐδ’)
1048 2078 1133 2150 εἰκὸς
1152 2080 1254 2162 ἄνδρα
1272 2119 1327 2142 -—.

149 2169 175 2230 2.
199 2171 331 2252 γνώμας
355 2167 492 2252 διώκειν]
517 2168 560 2234 ef.
584 2189 613 2230 v.
638 2168 877 2250 γνωμιδιώκτης
901 2167 1017 2232 eratin
1040 2168 1081 2232 Π.
1106 2170 1180 2232 225.

191 2257 264 2320 216.
290 2257 386 2338 (ἐπεὶ)
418 2257 453 2321 τὸ
487 2258 603 2322 δοῦλον
633 2257 739 2321 Herw.
784 2257 890 2321 Facile
926 2257 1075 2322 excidere
1107 2264 1230 2341 peterat
1262 2260 1328 2323 ἐπεὶ

110 2353 172 2427 post
195 2383 235 2392 -
260 2347 335 2430 όπη.
382 2346 439 2422 Ωιι.
464 2349 535 2429 (φεῦ
558 2347 646 2429 φεῦ),
668 2346 704 2410 τὸ
728 2347 844 2410 δοῦλον
867 2353 924 2411 etc.
949 2346 994 2409 Cf.
1017 2346 1066 2410 Fr.
1091 2347 1165 2430 217,
1191 2350 1218 2410 l.

190 2437 264 2518 218,
291 2437 319 2499 1.
342 2443 431 2518 σιγῆς
453 2434 621 2520 στέφανος]
650 2436 719 2518 σιγὴ
744 2433 890 2518 στεγανός
912 2436 1118 2501 Herwerdem
1209 2437 1328 2520 ἀνδρὸς

112 2524 146 2585 οῦ
160 2525 274 2609 κακοῦ]
301 2523 358 2602 Ωιι.
382 2525 474 2608 ἁνδρί
497 2526 636 2607 γίγνεται.
680 2525 742 2590 Vel
765 2525 887 2608 κόσμος
904 2525 939 2590 δὲ
956 2525 1026 2608 σιγὴ
1042 2525 1096 2588 καὶ
1111 2523 1194 2608 πρδς
1209 2527 1327 2610 ἀνδρὸς

110 2612 144 2674 οῦ
158 2621 268 2678 κακοῦ.
361 2616 390 2677 2.
414 2612 500 2698 οὔθ’]
523 2613 614 2678 τοῦθ’
629 2614 759 2678 Person.
799 2611 857 2689 Qu.
873 2614 981 2680 πάνθ’.
1050 2615 1325 2698 ἡδονῆς-ἄναε-

110 2700 162 2785 ιαι]
185 2703 228 2767 cf.
251 2703 336 2768 Plut
360 2703 434 2766 Feb.
453 2704 479 2786 l,
496 2704 525 2767 3.
548 2703 584 2767 τδ
607 2702 668 2786 γὰρ
684 2729 725 2750 ·-
741 2708 806 2767 τῶν
820 2703 978 2769 παιδικῶν
993 2703 1173 2788 ἁπτόμενον
1188 2705 1325 2788 ἡδονῶν.

110 2791 197 2854 Anu.
219 2792 286 2856 Pal.
310 2792 385 2856 XII.
411 2791 482 2856 160.
506 2793 536 2855 4.
567 2793 685 2857 πόθων
707 2793 857 2864 πολλάκις
880 2793 1045 2877 ἡψάμεθα.
1137 2795 1164 2856 3.
1193 2795 1326 2868 ἀσθενὲς

111 2877 157 2962 δέ]
177 2881 244 2946 Imo
267 2882 401 2953 ἀσθενές
422 2905 461 2945 τε.
574 2881 722 2966 ἀσθενές]
754 2883 903 2967 Anglice,
936 2903 955 2946 ιι
982 2902 1117 2949 source
1146 2884 1185 2948 cl
1204 2887 1326 2950 weel-

110 2985 197 3034 uess
242 2970 441 3056 Suspectum,

191 3059 262 3144 219,
289 3061 316 3123 1.
339 3059 394 3132 τὰς
416 3060 477 3144 χρή
501 3059 530 3124 σ’
553 3061 660 3125 ἀσκεῖν
682 3059 720 3124 Α
747 3059 802 3131 τὰς
824 3061 950 3145 χρήσεις
965 3100 1008 3109 -
1025 3062 1067 3125 Μ.
1090 3064 1128 3133 ἃς
1150 3064 1212 3147 χρή
1237 3063 1265 3128 σ’
1282 3103 1324 3112 -

112 3145 166 3209 dii.
187 3148 240 3220 τὰς
261 3151 368 3234 χρεών
390 3148 419 3214 σ’
445 3187 484 3196 -
508 3149 603 3214 Dind.
642 3147 700 3224 Ωιι.
727 3149 782 3220 τὰς
810 3151 845 3214 δὲ
872 3152 934 3234 χρή
957 3150 987 3215 α’
1015 3151 1129 3216 ἀσκεῖν.
1178 3151 1240 3224 Τὰς
1267 3175 1324 3238 pro

112 3235 303 3320 deposuisse
327 3239 512 3323 Euripidem
535 3240 592 3302 vix
616 3239 813 3304 crediderim.
908 3241 937 3304 4.
960 3241 1124 3305 κάλλιστον
1151 3243 1230 3316 ἔξεις
1257 3246 1323 3310 οτέ-

113 3347 205 3403 puros
227 3328 382 3412 εὐκλείας]
407 3328 451 3393 ef.
475 3327 583 3413 Suppl.
599 3329 673 3391 315.
695 3329 784 3392 πόλει
806 3329 911 3411 παρόν
933 3353 983 3394 σοι
1006 3332 1162 3414 στέφανον
1185 3333 1325 3406 εῦκλείας

113 3411 213 3495 λαβεῖν.
236 3414 328 3501 Scph.
352 3419 401 3500 Aj.
424 3418 498 3480 465.

192 3505 262 3588 220,
287 3507 315 3568 1.
340 3505 491 3592 γνώμαις]
514 3507 644 3589 βουλαῖς
667 3505 763 3571 elem.
788 3507 900 3592 γνώμη
922 3507 1007 3574 Stcb.
1097 3509 1216 3593 ἀνδρὸς
1238 3511 1323 3578 Stob.

115 3587 186 3654 Plut
209 3594 336 3678 ἀνδρῶν
364 3595 454 3680 Diog.
477 3595 577 3680 Epict.
606 3594 703 3676 (Stub.
726 3595 770 3660 Fl.
794 3596 847 3680 46,
870 3598 932 3679 82.)
957 3598 1053 3664 Olem.
1078 3599 1185 3664 Orion.
1232 3600 1324 3677 Quod

115 3689 243 3759 praestat.
321 3685 478 3749 οἰκοῦνται
493 3685 610 3769 πόλεις]
636 3683 693 3762 Ωιι.
711 3687 836 3750 οἰκεῖται
851 3686 948 3758 πόλις.
984 3688 1029 3753 cf.
1044 3689 1141 3754 Arist.
1158 3690 1216 3774 Eq.
1229 3692 1323 3756 1175.

116 3769 164 3832 οἰει
185 3771 242 3854 γὰρ
265 3775 396 3838 οἰκεῖσθ’
420 3777 459 3838 ἂν
482 3777 524 3838 ἐτι
546 3775 639 3857 τήνδε
661 3775 717 3857 τὴν
739 3775 838 3850 πόλιν,
865 3773 868 3862 t
894 3778 923 3840 εἰ
942 3776 987 3860 μὴ
1013 3801 1069 3859 -;
1174 3782 1202 3844 2.
1227 3783 1270 3854 εἰς
1293 3782 1323 3846 δ’

116 3853 258 3924 Plutarch.
281 3865 324 3934 εἰς
346 3863 372 3926 τ’
395 3861 479 3928 Stob.
503 3864 555 3928 Or.
575 3863 695 3928 Nauck.
719 3863 813 3927 Dind.
904 3866 933 3928 4.
957 3866 1056 3952 ὄχλῳ]
1081 3868 1190 3941 ὅπλοις
1214 3872 1323 3937 Galen.

117 3945 193 4028 ὄλβῳ
214 3951 324 4036 Bergk.
348 3951 434 4036 prob.
457 3952 577 4016 Nauck.
625 3952 750 4035 (Recte).
801 3961 941 4019 συνοικεῖ
965 3955 994 4019 δ’
1019 3957 1144 4042 ἀμαθίᾳ
1172 3958 1323 4028 Schmidt.

119 4035 245 4190 Αιιιχὶὲσρ.
268 4042 333 4124 41,
356 4041 425 4106 coll.
449 4041 527 4106 Plat.
551 4041 620 4106 Alc.
643 4041 668 4105 I.
691 4063 719 4126 p.
739 4043 801 4106 118
814 4043 849 4107 B.
864 4043 999 4129 ,ἀμαθίᾳ
1023 4046 1083 4130 γὰρ
1107 4051 1261 4124 ξυνοικεῖς
1281 4090 1323 4099 -

119 4143 149 4204 u
216 4129 309 4209 τίσι·

138 4299 143 4310 ¹
194 4155 314 4298 2211.
340 4220 451 4303 γνώμη
484 4219 692 4305 φρονοῦντες]
725 4221 813 4285 αὐτοὶ
844 4229 1037 4306 φρονοῦντες
1069 4227 1187 4292 Hense.
1233 4229 1325 4297 Latet

119 4302 224 4367 utium.
261 4305 317 4384 Qu.
332 4308 453 4391 μεγάλα
470 4314 535 4391 (aut
549 4311 666 4392 μεῖζον,
690 4316 745 4375 aut
759 4311 862 4393 φύσει]
882 4321 1083 4396 φρονοῦντες.
1175 4319 1203 4380 3.
1220 4321 1323 4406 ψυχῇ]

120 4384 309 4492 11111111τύχη
333 4402 388 4462 aut
411 4399 530 4481 γνώμη.
642 4397 724 4482 πρὸς
746 4400 848 4481 φίλων
872 4403 1057 4490 νικώμενοι]
1087 4405 1132 4471 cf.
1156 4405 1249 4493 Soph.
1274 4410 1324 4474 Fr.

122 4479 184 4564 cll,
204 4485 231 4548 4.
252 4486 331 4572 πρὸς
353 4492 409 4552 τοῦ
431 4488 587 4572 παρόντος
610 4489 721 4574 ῖμίρου
745 4492 914 4580 νικωμένη.
